@article{sweet,
	author 	= {R. J. Sweeney},
	journal 	= {The Journal of Financial and Quantitative Analysis},
	number 	= {3},
	pages 	= {285--300},
	title 		= {{Some New Filter Rule Tests: Methods and Results}},
	volume 	= {20},
	year 		=  {1988}
}
@article{famablume,
	author 	= {E. F. Fama and M. E. Blume},
	journal 	= {The Journal of Business},
	pages 	= {226--241},
	title 		= {{Filter Rules and Stock - Market Trading}},
	volume 	= {39},
	year 		=  {1966}
}
@article{MalTay,
	author 	= {L. Menkhoff and M. P. Taylor},
	journal 	= {The Journal of Economic Literature},
	pages 	= {936--972},
	title 		= {{The Obstinate Passion of Foreign Exchange Professionals: Technical Analysis}},
	volume 	= {XLV},
	year 		=  {2007}
}
@article{LoMWang,
	author 	= {A. W. Lo and H. Mamaysky and J. Wang},
	journal 	= {{Journal of Finance}},
	number 	= {4},
	pages 	= {1705--1765},
	title 		= {{Foundation of Technical Analysis: Computational Algorithms, Statistical Inference and Empirical Implementation}},
	volume 	= {LV},
	year 		=  {2000}
}
@article{Jeqa,
	author 	= {N. Jegadeesh},
	journal 	= {{Journal of Finance}},
	pages 	= {1765--1770},
	title 		= {{Discussion of LMW (2000)}},
	year 		=  {2000}
}
@article{Ryd,
	author 	= {T. H. Rydberg and N. Shephard},
	journal 	= {{Journal of Financial Econometrics}},
	pages 	= {2--25},
	title 		= {{Dynamic Trade - by - Trade Price Movement: Decomposition and Models}},
	volume 	= {1},
	year 		=  {2003}
}
@article{Ananto1,
	author 	= {S. Anatolyev and A. Gerko},
	journal 	= {The Journal of Business Economics Statistics},
	pages 	= {455--461},
	title 		= {{A Trading Approach to Testing for Predictability}},
	volume 	= {23},
	year 		=  {2005}
}
@article{Ananto2,
	author 	= {S. Anatolyev and A. Gerko},
	journal 	= {The Journal of Business Economics Statistics},
	pages 	= {232--245},
	title 		= {{Modeling Financial Return Dynamics via Decomposition}},
	volume 	= {28},
	year 		=  {2010}
}
@article{JeTi,
	author 	= {Jegadeesh, N. and S. Titman},
	journal 	= {Journal of Finance},
	pages 	= {699--720},
	title 		= {{Profitability of momentum strategies: An evaluation of alternative
explanations}},
	volume 	= {56},
	year 		=  {2001}
}
@article{gencay,
	author 	= {R. Gencay},
	journal 	= {Journal of Empirical Finance},
	pages 	= {347--359},
	title 		= {{The predictability of security returns with simple technical trading rules}},
	volume 	= {5},
	year 		=  {1998}
}
@article{BLL,
	author 	= {W. Brock and J. Lakonishok and B. LeBaron},
	journal 	= {Journal of Finance},
	pages 	= {1731--1764},
	title 		= {{Simple Technical Trading Rules and the Stochastic Properties of Stock Returns}},
	volume 	= {47},
	year 		=  {1992}
}
@article{ready,
	author 	= {M. J. Ready},
	journal 	= {Financial Management},
	pages 	= {43--61},
	title 		= {{Profits from Technical Trading Rules}},
	volume 	= {Autumn},
	year 		=  {2002}
}
@article{scruggs,
	author 	= {J. T. Scruggs},
	journal 	= {{Journal of Financial Markets}},
	pages 	= {76--105},
	title 		= {{Noise Trader Risk: Evidence from the Siamese Twins}},
	volume 	= {10},
	year 		=  {2007}
}
@article{Lako,
 	 title		= {{Contrarian investment, extrapolation, and risk}},
	 author	= {Lakonishok, J. and Shleifer, A. and Vishny, R. W.},
 	 journal	= {{Journal of Finance}},
 	 volume	= {49},
 	 number	= {5},
 	 pages	= {1541--1578},
 	 year		= {1994},
	 publisher	= {Wiley Online Library}
}
@book{tsay,
	author 	= {R. Tsay},
	publisher  = {Wiley},
	title 		= {{Analysis of Financial Time Series, Third Edition}},
	year 		=  {2010}
}
@article{JeTit,
	author 	= {N. Jegadeesh and S. Titman},
	journal 	= {The Review of Financial Studies},
	pages 	= {143--157},
	title 		= {{Cross-sectional Time Series determinants of momentum returns}},
	volume 	= {15},
	year 		=  {2002}
}
@article{Hogan,
	author  	= {S. Hogan and R. Jarrow and M. Teo and M. Warachka},
	journal 	= {Journal of Financial Economics},
	pages 	= {525--565},
	title 		= {{Testing market efficiency using statistical arbitrage with application to momentum and value strategies}},
	volume 	= {73},
	year 		=  {2004}
}
@article{cow1,
	author 	= {A. Cowles},
	journal 	= {Econometrica},
	pages 	= {206--214},
	title 		= {{Stock Market Forecasting}},
	volume 	= {12},
	year 		=  {1944}
}
@article{cow2,
	author 	= {A. Cowles},
	journal 	= {Econometrica},
	pages 	= {309--324},
	title 		= {{Can Stock Market Forecasters Forecast}},
	volume 	= {1},
	year 		=  {1933}
}
@book{malkiel,
	author 	= {B. G. Malkiel},
	publisher  = {Norton},
	title 		= {{A Random Walk Down Wall Street: The Time-Tested Strategy for Successful Investing, 10th Edition}},
	year 		=  {2012}
}
@book{lai1,
	author 	= {T. L. Lai and H. Xing},
	publisher  = {Springer},
	title 		= {{Statistical Models and Methods for Financial Markets}},
	year		= {2008}
}
@article{andersen,
	author 	= {T. G. Andersen},
	journal 	= {Journal of Finance},
	pages 	= {116--204},
	title 		= {{Return Volatility and Trading Volume: An Information Flow Interpretation of Stochastic Volatility}},
	volume 	= {51},
	year 		=  {1996}
}
@article{clark,
	author 	= {P. K. Clark},
	journal 	= {Econometrica},
	pages 	= {135--155},
	title 		= {{A Subordinated Stochastic Process Model with Finite Variance for Speculative Prices}},
	volume 	= {41},
	year 		=  {1973}
}
@article{epps,
	author 	= {T. W. Epps and M. L. Epps},
	journal 	= {Econometrica},
	pages 	= {305--321},
	title 		= {{The Stochastic Dependence of Security Price Changes and Transaction Volumes: Implications for the Mixture-of-Distribution Hypothesis}},
	volume 	= {44},
	year 		=  {1976}
}
@article{grt,
	author 	= {A. R. Gallant and P. E. Rossi and G. Tauchen},
	journal 	= {Econometrica},
	pages 	= {871--908},
	title 		= {{Nonlinear Dynamic Structures}},
	volume 	= {61},
	year 		=  {1993}
}
@article{tauchenpitts,
	author 	= {G. E. Tauchen and M. Pitts},
	journal 	= {Econometrica},
	pages 	= {485--505},
	title 		= {{The Price Variability-Volume Relationship on Speculative Markets}},
	volume 	= {51},
	year 		=  {1983}
}
@article{cont,
	author 	= {R. Cont},
	journal 	= {Quantitative Finance},
	pages 	= {223--226},
	title 		= {{Empirical properties of asset returns: stylized facts and statistical issues}},
	volume 	= {1},
	year 		=  {2001}
}
@article{englelunde,
	author 	= {R. Engle and A. Lunde},
	journal 	= {The Journal Financial Economics},
	pages 	= {159--188},
	title 		= {{Trades and Quotes: A Bivariate Point Process}},
	volume 	= {1},
	year 		=  {2003}
}
@article{ggr,
	author 	= {E. Gatev and W. N. Goetzmann and R. G. Rouwenhorst},
	journal 	= {The Review of Financial Studies},
	pages 	= {797--827},
	title 		= {{Pairs Trading: Performance of a Relative Value Arbitrage Rule}},
	volume 	= {19},
	year 		=  {2006}
}
@book{jarrow,
	author 	= {R. A. Jarrow and M. Teo and Y. K. Tse and M. Warachka},
	publisher  = {unpublished},
	title 		= {{Statistical arbitrage and market efficiency: Enhanced Theory, Robust Tests and Further Applications}}
}
@article{glostenmilgrom,
	author 	= {L. R. Glosten and P. R. Milgrom},
	journal 	= {{Journal of Financial Economics}},
	pages 	= {71--100},
	title 		= {{Bid, ask and transaction prices in a specialist market with heterogeneously informed traders}},
	volume 	= {14},
	year 		=  {1985}
}
@article{foumen,
	author 	= {T. Foucault and A. J. Menkveld},
	journal 	= {Journal of Finance},
	pages 	= {119--157},
	title 		= {{Competition for Order Flow and Smart Order Routing Systems}},
	year 		=  {2008}
}
@article{hjm,
	author 	= {T. Hendershott and C. M. Jones and A. J. Menkveld},
	journal 	= {Journal of Finance},
	pages 	= {1--3},
	title 		= {{Does Algorithmic Trading Improve Liquidity?}},
	year 		=  {2011}
}
@article{oye,
	author 	= {M. O' Hara and M. Ye},
	journal 	= {Journal of Financial Economics},
	pages 	= {454--474},
	title 		= {{Is market fragmentation harming market quality?}},
	year 		=  {2011}
}
@article{berlo,
	author 	= {D. Bertsimas and A. W. Lo},
	journal 	= {Journal of Financial Markets},
	pages 	= {1--50},
	title 		= {{Optimal Control of Executions Costs}},
	volume 	= {1},
	year 		=  {1998}
}
@book{ffk,
	author 	= {F. J. Fabozzi and S. M. Focardi and P. N. Kolm},
	publisher  = {Wiley and Sons},
	title 		= {{Quantitative Equity Investing: Techniques and Strategies}},
        year 		= {2006}
}
@article{borkoheidle,
	author 	= {M. Borkovec and H. G. Heidle},
	journal 	= {The Journal of Trading},
	pages 	= {57--77},
	title 		= {{Building and Evaluating a Transaction Cost Model: A Primer}},
	volume 	= {5},
	year 		=  {2010}
}
@article{alm2008,
	author 	= {R. Almgren},
	journal 	= {Encyclopedia of Quantitative Finance},
	pages 	= {1--5},
	title 		= {{Execution costs}},
	year 		=  {2008}
}
@article{hasbrouk,
	author 	= {J. Hasbrouck},
	journal 	= {Journal of Financial Economics},
	pages 	= {179--207},
	title 		= {{Measuring the information content of stock trades}},
	volume 	= {46},
	year 		=  {1991}
}
@article{huberstan,
	author 	= {G. Huberman and W. Stanzl},
	journal 	= {Econometrica},
	pages 	= {1247--1275},
	title 		= {{Price manipulation and quasi-arbitrage}},
	volume 	= {72},
	year 		=  {2004}
}
@article{easleyo,
	author 	= {D. Easley and M. O' Hara},
	journal 	= {Journal of Financial Economics},
	pages 	= {69--90},
	title 		= {{Price, trade size, and information in security markets}},
	volume 	= {19},
	year 		=  {1987}
}
@article{dufour,
	author 	= {A. Dufour and R. Engle},
	journal 	= {Journal of Finance},
	Number 	= {2},
	pages 	= {467--498},
	title 		= {{Time and the price impact of a trade}},
	volume 	= {55},
	year 		=  {2000}
}
@article{athl,
	author 	= {R. Almgren and C. Thum and E. Hauptmann and H. Li},
	journal 	= {Risk},
	Number 	= {7},
	pages 	= {57--62},
	title 		= {{Equity market impact}},
	volume 	= {18},
	year 		=  {2005}
}
@article{chan1995,
	author 	= {L. K. C. Chan and J. Lakonishok},
	journal 	= {Journal of Finance},
	pages 	= {1147--1174},
	title 		= {{The behavior of stock prices around institutional trades}},
	volume 	= {50},
	year 		=  {1995}
}
@article{holthausen1990,
	author 	= {R. W. Holthausen and R. W. Leftwich and D. Mayers},
	journal 	= {Journal of Financial Economics},
	pages 	= {71--95},
	title 		= {{Large-block transactions, the speed of response, and temporary and permanent stock-price effect}},
	volume 	= {26},
	year 		=  {1990}
}
@article{loeb,
	author 	= {T. F. Loeb},
	journal 	= {Financial Analyst Journal},
	Number 	= {3},
	pages 	= {39--44},
	title 		= {{Trading Cost: The Critical Link between Investment Information and Results}},
	volume 	= {39},
	year 		=  {1983}
}
@article{farmermantegna,
	author 	= {F. Lillo and J. D. Farmer and R. Mantegna},
	journal 	= {Nature},
	pages 	= {129--130},
	title 		= {{Master curve for price impact function}},
	volume 	= {421},
	year 		=  {2003}
}
@article{madhaven1997,
	author 	= {A. Madhavan and M. Richardson and M. Roomans},
	journal 	= {The Review of Financial Studies},
	Number 	= {4},
	pages 	= {1035--1064},
	title 		= {{Why do security prices change? A transaction-level analysis of NYSE stocks}},
	volume 	= {10},
	year 		=  {1997}
}
@book{bouchaud2009,
	author 	= {J. P. Bouchaud and J. D. Farmer and F. Lillo},
	publisher  = {Academic Press},
	title 		= {{How markets digest supply and demand and slowly incorporate information into prices}},
         year 	= {2009}
}
@article{bouchaud2004,
	author 	= {J. P. Bouchaud and Y. Gefen and M. Potters and M. Wyart},
	journal 	= {Quantitative Finance},
	pages 	= {176--190},
	title 		= {{Fluctuations and response in financial markets: The subtle nature of "random" price changes}},
	volume 	= {4},
	year 		=  {2004}
}
@article{keim1996,
	author 	= {D. B. Keim and A. Madhavan},
	journal 	= {The Review of Financial Studies},
	pages 	= {1--36},
	title 		= {{The upstairs market for large-block transactions: Analysis and measurement of price effects}},
	volume 	= {9},
	year 		=  {1996}
}
@article{chan1997,
	author 	= {L. K. C. Chan and J. Lakonishok},
	journal 	= {Journal of Finance},
	Number 	= {2},
	pages 	= {176--190},
	title 		= {{Institutional Equity Trading Costs: NYSE Versus Nasdaq}},
	volume 	= {52},
	year 		=  {1997}
}
@article{yang2011,
	author 	= {J. W. Yang},
	journal 	= {Journal of Empirical Finance},
	pages 	= {91--102},
	title 		= {{Transaction duration and asymmetric price impact of trades - Evidence from Australia}},
	volume 	= {18},
	year 		=  {2011}
}
@article{frino,
	author 	= {A. Frino and E. Jarnecic and A. Lepone},
	journal 	= {Abacus},
	number 	= {2},
	pages 	= {94--106},
	title 		= {{The determinants of price impact of block trades: Further evidence}},
	volume 	= {43},
	year 		=  {2007}
}
@article{engle2012,
	author 	= {R. F. Engle and R. Ferstenberg and J. R. Russell},
	journal 	= {The Journal of Portfolio Management},
	number 	= {2},
	pages 	= {14--28},
	title 		= {{Measuring and modeling execution cost and risk}},
	volume 	= {38},
	year 		=  {2012}
}
@article{doye,
	author 	= {I. Domowitz and H. Yegerman},
	journal 	= {Algorithmic Trading: Precision, Control, Execution},
	title 		= {{The cost of algorithmic trading: A first look at comparative performance}},
	year 		=  {2005}
}
@article{hernderrio,
	author 	= {T. Hendershott and R. Riordan},
	journal 	= {http://faculty.haas.berkley.edu/hender/ATInformation.pdf},
	title 		= {{Algorithmic Trading and Information}},
	year 		=  {2011}
}
@article{hender2011,
	author 	= {T. Hendershott and C. M. Jones and A. J. Menkveld},
	journal 	= {Journal of Finance},
	number 	= {1},
	pages 	= {1--33},
	title 		= {{Does Algorithmic Trading Improve Liquidity?}},
	volume 	= {66},
	year 		=  {2011}
}
@article{chaboud,
	author 	= {A.P. Chaboud and B. Chiquoine and E. Hjalmarsson and C. Vega},
	journal 	= {Journal of Finance},
	pages 	= {2045--2084},
	title 		= {{Rise of the machines: Algorithmic trading in the foreign exchange market}},
	volume 	= {69},
	year 		=  {2014}
}
@article{farmer2012,
	author 	= {J. D. Farmer and A. Gerig and F. Lillo and H. Waelbroeck},
	journal 	= {Quantitative Finance},
	pages 	= {1743--1758},
	title 		= {{How Efficiency Shapes Market Impact}},
	volume 	= {11},
	year 		=  {2013}
}
@article{jones1994,
	author 	= {C. Jones and G. Kaul and M. Lipson},
	journal 	= {Journal of Financial Economics},
	pages 	= {127--154},
	title 		= {{Information, trading and volatility}},
	volume 	= {36},
	year 		=  {1994}
}
@article{bho,
	author 	= {D. Bowen and M. C. Hutchinson and N. O'Sullivan},
	journal 	= {The Journal of Trading, Summer},
	pages 	= {31--38},
	title 		= {{High-Frequency Equity Pairs Trading: Transaction Costs, Speed of Execution and Patterns in Returns}},
	year 		=  {2010}
}
@article{asquith2010,
	author 	= {P. Asquith and R. Oman and C. Safaya},
	journal 	= {Journal of Financial Markets},
	pages 	= {157--173},
	title 		= {{Short sales and trade classification algorithms}},
	volume 	= {13},
	year 		=  {2010}
}
@article{chakrabarty2012short,
	title 		= {Short sales, long sales, and the Lee--Ready trade classification algorithm revisited},
  	author 	= {Chakrabarty, B. and Moulton, P. C. and Shkilko, A.},
  	journal 	= {Journal of Financial Markets},
  	volume 	= {15},
  	number 	= {4},
  	pages 	= {467--491},
  	year 		=  {2012},
  	publisher  = {Elsevier}
}
@book{brandes2007,
	author 	= {Y. Brandes and I. Domowitz and B. Jiu and H. Yegerman},
	publisher  = {The Trade (London)},
	title 		= {{Algorithms, trading costs and order size, Algorithmic Trading: A Buy side Handbook, 2nd ed.}},
         year 	= {2007}
}
@book{grin2000,
	author 	= {R. C. Grinold and R. N. Kahn},
	publisher  = {McGraw - Hill},
	title 		= {{Active Portfolio Management, Second Edition}},
        year 		= {2000}
}
@article{alm2000,
	author 	= {R. Almgren and N. Chriss},
	journal 	= {The Journal of Risk},
	pages 	= {5--39},
	title 		= {{Optimal execution of portfolio transactions}},
	volume 	= {3},
	year 		=  {2000}
}
@article{lovenz2011,
	author 	= {J. Lorenz and R. Almgren},
	journal 	= {Applied Mathematical Finance},
	number 	= {4},
	pages 	= {395--422},
	title 		= {{Mean-Variance Optimal Adaptive Execution}},
	volume 	= {18},
	year 		=  {2011}
}
@article{engle2007,
	author 	= {R. Engle and R. Ferstenberg},
	journal 	= {The Journal of Portfolio Management},
	number 	= {4},
	pages 	= {34--44},
	title 		= {{Execution Risk}},
	volume 	= {33},
	year 		=  {2007}
}
@article{parlour2003,
	author 	= {C. Parlour and D. Seppi},
	journal 	= {The Review of Financial Studies},
	pages 	= {301--343},
	title 		= {{Liquidity - Based Competition for Order Flow}},
	volume 	= {16},
	year 		=  {2003}
}
@article{chiya2004,
	author 	= {C. Chiyachantana and P. K. Jain and C. Jiang and R. A. Wood},
	journal 	= {Journal of Finance},
	pages 	= {869--898},
	title 		= {{International Evidence on Institutional Trading Behavior and Price Impact}},
	volume 	= {59},
	year 		=  {2004}
}
@article{domo2001,
	author 	= {I. Domowitz and J. Glen and A. Madhavan},
	journal 	= {International Finance},
	pages 	= {221--255},
	title 		= {{Liquidity, Volatility and Equity Trading costs across countries and over time}},
	volume 	= {4},
	year 		=  {2001}
}
@article{JeTit1993,
	author 	= {N. Jegadeesh and S. Titman},
	journal 	= {Journal of Finance},
	pages 	= {65--91},
	title 		= {{Returns to buying winners and selling losers: Implications for Stock Market Efficiency}},
	volume 	= {48},
	year 		=  {1993}
}
@article{conrad1998,
	author 	= {J. Conrad and G. Kaul},
	journal 	= {The Review of Financial Studies},
	pages 	= {489--519},
	title 		= {{An Anatomy of Trading Strategies}},
	volume 	= {11},
	year 		=  {1998}
}
@article{lew2002,
	author 	= {J. Lewellen},
	journal 	= {The Review of Financial Studies},
	pages 	= {65--91},
	title 		= {{Momentum and Autocorrelation in Stock Returns}},
	volume 	= {15},
	year 		=  {2002}
}
@article{hvid2006,
	author 	= {S. Hvidkjaer},
	journal 	= {The Review of Financial Studies},
	pages 	= {457--491},
	title 		= {{A Trade-Based Analysis of Momentum}},
	volume 	= {119},
	year 		=  {2006}
}
@article{mos2012,
	author 	= {T. J. Moskowitz and Y. H. Ooi and L. H. Pedersen},
	journal 	= {Journal of Financial Economics},
	pages 	= {228--250},
	title 		= {{Time Series Momentum}},
	volume 	= {104},
	year 		=  {2012}
}
@article{kora2004,
	author 	= {A. Korajczyk and R. Sadka},
	journal 	= {Journal of Finance},
	pages 	= {1039--1081},
	title 		= {{Are Momentum Profits Robust to Trading Costs?}},
	volume 	= {LIX},
	year 		=  {2004}
}
@article{lee2000,
	author 	= {C. M. Lee and B. Swaminathan},
	journal 	= {Journal of Finance},
	pages 	= {2017--2069},
	title 		= {{Price Momentum and Trading Volume}},
	volume 	= {LV},
	year 		=  {2000}
}
@article{chan1988,
	author 	= {N. H. Chan and C. Z. Wei},
	journal 	= {Annals of Statistics},
	pages 	= {367--401},
	title 		= {{Limiting distributions of least squares estimates of unstable autoregressive processes}},
	volume 	= {16},
	year 		=  {1988}
}
@article{dickey1979,
	author 	= {D. A. Dickey and W. A. Fuller},
	journal 	= {Journal of the American Statistical Association},
	pages 	= {427--431},
	title 		= {{Distribution of the estimates for autoregressive time series with a unit root}},
	volume 	= {74},
	year 		=  {1979}
}
@article{dickey1986,
	author 	= {D. A. Dickey and W. R. Bell and R. B. Miller},
	journal 	= {American Statistician},
	pages 	= {12--26},
	title 		= {{Unit roots in time series models: tests and implications}},
	volume 	= {40},
	year 		=  {1986}
}
@article{said1985,
	author 	= {S. E. Said and D. A. Dickey},
	journal 	= {Journal of the American Statistical Association},
	pages 	= {369--374},
	title 		= {{Hypothesis testing in ARIMA(p,1,q) models}},
	volume 	= {80},
	year 		=  {1985}
}
@article{Solo1984,
	author 	= {V. Solo},
	journal 	= {Journal of the American Statistical Association},
	pages 	= {916--921},
	title 		= {{The order of differencing in ARIMA models}},
	volume 	= {79},
	year 		=  {1984}
}
@book{fuller1996,
	author 	= {W. A. Fuller},
	publisher  = {John Wiley, New York},
	title 		= {{Introduction to Statistical Time Series, Second Edition}},
        year 		=  {1996}
}
@article{lo1990,
	author 	= {A.W. Lo and A. C. MacKinlay},
	journal 	= {The Review of Financial Studies},
	pages 	= {175--205},
	title 		= {{When are Contrarian Profits due to Stock Market Overreaction?}},
	volume 	= {3},
	year 		=  {1990}
}
@article{menkhoff2012,
	author 	= {L. Menkhoff and L. Sarno and M. Schmeling and A. Schrimpf},
	journal 	= {Journal of Financial Economics},
	pages 	= {660--684},
	title 		= {{Currency Momentum Strategies}},
	volume 	= {106},
	year 		=  {2012}
}
@article{okunev2003,
	author 	= {J. Okunev and D. White},
	journal 	= {The Journal of Financial and Quantitative Analysis},
	pages 	= {425--447},
	title 		= {{Do Momentum - Based Strategies Still Work in Foreign Currency Markets?}},
	volume 	= {38},
	year 		=  {2003}
}
@article{engle1982,
	author 	= {R. F. Engle},
	journal 	= {Econometrica},
	pages 	= {987--1007},
	title 		= {{Autoregressive conditional heteroscedasticity with estimates of the variance of United Kingdom inflations}},
	volume 	= {50},
	year 		=  {1982}
}
@article{mcleod1983,
	author 	= {A. I. McLeod and W. K. Li},
	journal 	= {The Journal of Time Series Analysis},
	pages 	= {269--273},
	title 		= {{Diagnostic checking ARMA time series models using squared-residual autocorrelations}},
	volume 	= {4},
	year 		=  {1983}
}
@article{weiss1984,
	author 	= {A. A. Weiss},
	journal 	= {The Journal of Time Series Analysis},
	pages 	= {129--143},
	title 		= {{ARMA models with ARCH errors}},
	volume 	= {5},
	year 		=  {1984}
}
@article{bollerslev1986,
	author 	= {T. Bollerslev},
	journal 	= {Journal of Econometrics},
	pages 	= {307--327},
	title 		= {{Generalized Autoregressive Conditional heteroskedasticity}},
	volume 	= {31},
	year 		=  {1986}
}
@book{engle1983,
	author 	= {R. F. Engle and D. Kraft},
	publisher  = {Bureau of the census, Washington, DC},
	title 		= {{Multiperiod forecast error variances of inflation estimated from ARCH models, in: A. Zellner, ed: Applied time series analysis of economic data}},
           year 	= {1983}
}
@article{engle1986,
	author 	= {R. F. Engle and T. Bollerslev},
	journal 	= {Econometric Reviews},
	pages 	= {1--50},
	title 		= {{Modeling the persistence of conditional variances}},
	volume 	= {5},
	year 		=  {1986}
}
@book{box1994,
	author 	= {G. E. P. Box and G. M. Jenkins and G. C. Reinsel},
	publisher  = {Prentice Hall},
	title 		= {{Time Series Analysis, Forecast and Control, Third Edition}},
         year 	= {1994}
}
@article{andersen1998,
	author 	= {T. G. Andersen and T. Bollerslev},
	journal 	= {International Economic Review},
	pages 	= {885--905},
	title 		= {{Answering the Skeptics: Yes, Standard Volatility Models do provide Accurate Forecasts}},
	volume 	= {39},
	year 		=  {1998}
}
@article{dahlhaus2006,
	author 	= {R. Dahlhaus and S. Subba Rao},
	journal 	= {The Annals of Statistics},
	pages 	= {1075--1114},
	title 		= {{Statistical Inference for Time-Varying ARCH Processes}},
	volume 	= {34},
	year 		=  {2006}
}
@article{fryzlewicz2008,
	author 	= {P. Fryzlewicz and T. Sapatinas and S. Subba  Rao},
	journal 	= {The Annals of Statistics},
	pages 	= {742--786},
	title 		= {{Normalized Least-Squared Estimation in Time-Varying ARCH Models}},
	volume 	= {36},
	year 		=  {2008}
}
@article{cox1966,
	author 	= {D. R. Cox and  P. A. W. Lewis},
	journal 	= {Chapman and Hall, London},
	title 		= {{The Statistical Analysis of Series of Events}},
	year 		=  {1966}
}
@article{engle1998,
	author 	= {R. F. Engle and J. R. Russell},
	journal 	= {Econometrics},
	pages 	= {1127--1162},
	title 		= {{Autoregressive Conditioned Duration: A New Model for Irregularly Spaced Transaction Data}},
	volume 	= {66},
	year 		=  {1998}
}
@article{kyle1985,
	author 	= {A. Kyle},
	journal 	= {Econometrics},
	pages 	= {1315--1336},
	title 		= {{Continuous Time Auctions and Insider Trading}},
	volume 	= {53},
	year 		=  {1985}
}
@article{easley1992,
	author 	= {D. Easley and M. O' Hara},
	journal 	= {Journal of Finance},
	pages 	= {69--90},
	title 		= {{Time and the Process of Security Price Adjustment}},
	volume 	= {19},
	year 		=  {1992}
}
@book{daley2003,
	author 	= {D. J. Daley and D. Vere-Jones},
	publisher 	= {Springer, New York},
	title 		= {{An Introduction to the Theory of Point Processes, Volume I: Elementary Theory and Methods}},
	year 		=  {2003}
}
@article{durbin1960estimation,
  	title 		= {{Estimation of parameters in time-series regression models}},
  	author 	= {Durbin, J.},
  	journal 	= {Journal of the Royal Statistical Society. Series B (Methodological)},
  	pages 	= {139--153},
 	 year 	= {1960},
  	publisher = {JSTOR}
}
@article{whittle1963fitting,
 	 title 		= {{On the fitting of multivariate autoregressions, and the approximate canonical factorization of a spectral density matrix}},
 	 author 	= {Whittle, P.},
 	 journal 	= {Biometrika},
 	 volume 	= {50},
 	number 	= {1-2},
  	pages 	= {129--134},
  	year 		=  {1963},
  	publisher  = {Biometrika Trust}
}
@article{admati1988theory,
  	title 		= {A theory of intraday patterns: Volume and price variability},
 	 author 	= {Admati, A. R. and Pfleiderer, P.},
 	 journal 	= {The Review of Financial Studies},
	 volume 	= {1},
 	 number 	= {1},
 	 pages 	= {3--40},
 	 year 	= {1988},
 	 publisher = {Soc Financial Studies}
}
@article{working1960note,
  	title 		= {{Note on the correlation of first differences of averages in a random chain}},
  	author 	= {Working, H.},
 	 journal 	= {Econometrica: Journal of the Econometric Society},
 	 pages 	= {916--918},
	 year 	= {1960},
  	publisher  = {JSTOR}
}
@article{daniels1966autocorrelation,
  	title 		= {Autocorrelation between first differences of mid-ranges},
  	author 	= {Daniels, H. E.},
  	journal 	= {Econometrica: Journal of the Econometric Society},
  	pages 	= {215--219},
  	year 		=  {1966},
  	publisher  = {JSTOR}
}
@article{gervais2001high,
          title 		= {{The high-volume return premium}},
          author 	= {Gervais, S. and Kaniel, R. and Mingelgrin, D. H.},
          journal 	= {Journal of Finance},
          volume 	= {56},
          number 	= {3},
          pages 	= {877--919},
          year 	= {2001},
          publisher = {Wiley Online Library}
}
@article{statman2006investor,
          title 		= {{Investor overconfidence and trading volume}},
          author 	= {Statman, M. and Thorley, S. and Vorkink, K.},
          journal 	= {The Review of Financial Studies},
          volume 	= {19},
          number 	= {4},
          pages 	= {1531--1565},
          year 	= {2006},
          publisher = {Soc Financial Studies}
 }
@article{toth2011anomalous,
  	title 		= {{Anomalous price impact and the critical nature of liquidity in financial markets}},
  	author 	= {Toth, B. and Lemperiere, Y. and Deremble, C. and De Lataillade, J. and Kockelkoren, J. and Bouchaud, J-P},
  	journal 	= {Physical Review X},
  	volume 	= {1},
  	number 	= {2},
  	pages 	= {021006},
  	year 		= {2011},
  	publisher = {APS}
}
@article{moro2009market,
          title 		= {{Market impact and trading profile of hidden orders in stock markets}},
          author 	= {Moro, E. and Vicente, J. and Moyano, L. G. and Gerig, A. and Farmer, J. D. and Vaglica, G. and Lillo, F. and Mantegna, R. N.},
          journal 	= {Physical Review E},
          volume 	= {80},
          number 	= {6},
          pages 	= {066102},
          year 	= {2009},
          publisher = {APS}
 }
@article{fama2015,
          title 		= {{A five-factor after pricing model}},
          author 	= {Fama, E. F. and French, K. R.},
          journal 	= {Journal of Financial Economics},
          volume 	= {116},
          pages 	= {1--22},
          year 	= {2015}
 }
@article{carhart1997persistence,
          title 		= {{On persistence in mutual fund performance}},
          author 	= {Carhart, M. M.},
          journal 	= {Journal of Finance},
          volume 	= {52},
          number 	= {1},
          pages 	= {57--82},
          year 	= {1997},
          publisher = {Wiley Online Library}
 }
@article{sullivan1999data,
          title 		= {{Data Snooping, Technical Trading Rule Performance, and the Bootstrap}},
          author 	= {Sullivan, R. and Timmermann, A. and White, H.},
          journal 	= {Journal of Finance},
          volume 	= {54},
          pages 	= {1647--1691},
          year 	= {1999}
 }
@article{white1999,
          title 		= {{A reality check for data snooping}},
          author 	= {White, H.},
          journal 	= {Econometrica},
          volume 	= {68},
          pages 	= {1097--1126},
          year 	= {1999}
 }
@article{hansen2005,
          title 		= {{A Test for Superior Predictive Ability}},
          author 	= {Hansen, P. R.},
          journal 	= {Journal of Business and Economic Statistics},
          volume 	= {23},
          pages 	= {365--380},
          year 	= {2005}
}
@article{romano2005,
          title 		= {{Stepwise Multiple Testing as Formalized Data Snooping}},
          author 	= {Romano, J. P. and Wolf, M.},
          journal 	= {Econometrica},
          volume 	= {73},
          pages 	= {1237--1282},
          year 	= {2005}
}
@article{hsukuan2010,
          title 		= {{Testing the Predictive Ability of Technical Analysis Using a New Stepwise Test Without Data Snooping Bias}},
          author 	= {Hsu, P. H. and Hsu, Y. C. and Kuan, C. M.},
          journal 	= {Journal of Empirical Finance},
          volume 	= {17},
          pages 	= {471--484},
          year 	= {2010}
}
@article{barras2010false,
          title 		= {{False discoveries in mutual fund performance: Measuring luck in estimated alphas}},
          author 	= {Barras, L. and Scaillet, O. and Wermers, R.},
          journal 	= {Journal of Finance},
          volume 	= {65},
          number 	= {1},
          pages 	= {179--216},
          year 	= {2010},
          publisher = {Wiley Online Library}
}
@article{bajgrowicz2012technical,
          title 		= {{Technical trading revisited: False discoveries, persistence tests, and transaction costs}},
          author 	= {Bajgrowicz, P. and Scaillet, O.},
          journal 	= {Journal of Financial Economics},
          volume 	= {106},
          number 	= {3},
          pages 	= {473--491},
          year 	= {2012},
          publisher = {Elsevier}
}
@article{froot1999stock,
          title 		= {{How are stock prices affected by the location of trade?}},
          author 	= {Froot, K. A. and Dabora, E. M.},
          journal 	= {Journal of Financial Economics},
          volume 	= {53},
          number 	= {2},
          pages 	= {189--216},
          year 	= {1999},
          publisher = {Elsevier}
}
@article{bossaerts1988common,
          title 		= {{Common nonstationary components of asset prices}},
          author 	= {Bossaerts, P.},
          journal 	= {The Journal of Economic Dynamics and Control},
          volume 	= {12},
          number 	= {2},
          pages 	= {347--364},
          year 	= {1988},
          publisher = {Elsevier}
}
@inproceedings{engelberg2009anatomy,
          title 		= {{An anatomy of pairs trading: the role of idiosyncratic news, common information and liquidity}},
          author 	= {Engelberg, J. and Gao, P. and Jagannathan, R.},
          booktitle 	= {Third Singapore International Conference on Finance},
          year 	= {2009}
}
@article{do2010does,
          title 		= {{Does simple pairs trading still work?}},
          author 	= {Do, B. and Faff, R.},
          journal 	= {The Financial Analysts Journal},
          volume 	= {66},
          number 	= {4},
          pages 	= {83--95},
          year 	= {2010},
          publisher = {CFA Institute}
}
@book{harvey1989kalman,
          title 		= {{Forecasting, Structural Time Series Models and the Kalman Filter}},
          author 	= {Harvey, A. C.},
          year 	= {1989},
          publisher = {Cambridge University Press, Cambridge}
}
@book{west1997,
          title 		= {Bayesian Forecasting and Dynamic Models, Second Edition},
          author 	= {West, M. and Harrison, J.},
          publisher = {Springer-Verlag, New York},
          year 	= {1997}
}
@article{ord1997estimation,
          title 		= {{Estimation and prediction for a class of dynamic nonlinear statistical models}},
          author 	= {Ord, J. K. and Koehler, A. B. and Snyder, R. D.},
          journal 	= {Journal of the American Statistical Association},
          volume 	= {92},
          number 	= {440},
          pages 	= {1621--1629},
          year 	= {1997},
          publisher = {Taylor \& Francis}
}
@article{engle1987co,
          title 		= {{Co-integration and Error Correction: Representation, Estimation, and Testing}},
          author 	= {Engle, R. F. and Granger, C. W. J.},
          journal 	= {Econometrica},
          volume 	= {55},
          pages 	= {251--276},
          year 	= {1987}
}
@article{johansen1992cointegration,
          title 		= {{Cointegration in partial systems and the efficiency of single-equation analysis}},
          author 	= {Johansen, S.},
          journal 	= {Journal of Econometrics},
          volume 	= {52},
          number 	= {3},
          pages 	= {389--402},
          year 	= {1992},
          publisher = {Elsevier}
}
@article{johansen1988statistical,
          title 		= {Statistical analysis of cointegration vectors},
          author 	= {Johansen, S.},
          journal 	= {The Journal of economic dynamics and control},
          volume 	= {12},
          number 	= {2},
          pages 	= {231--254},
          year 	= {1988},
          publisher = {Elsevier}
}
@article{johansen1991estimation,
          title 		= {{Estimation and hypothesis testing of cointegration vectors in Gaussian vector autoregressive models}},
          author 	= {Johansen, S.},
          journal 	= {Econometrica: Journal of the Econometric Society},
          pages 	= {1551--1580},
          year 	= {1991},
          publisher = {JSTOR}
}
@article{hu2014principal,
          title 		= {{Principal volatility component analysis}},
          author 	= {Hu, Y. and Tsay, R. S.},
          journal 	= {The Journal of Business \& Economic Statistics},
          volume 	= {32},
          number 	= {2},
          pages 	= {153--164},
          year 	= {2014},
          publisher = {Taylor \& Francis}
}
@article{engle1993testing,
          title 		= {Testing for common features},
          author 	= {Engle, R. F. and Kozicki, S.},
          journal 	= {The Journal of Business \& Economic Statistics},
          volume 	= {11},
          number 	= {4},
          pages 	= {369--380},
          year 	= {1993},
          publisher = {Taylor \& Francis Group}
}
@article{engle1993common,
          title 		= {Common volatility in international equity markets},
          author 	= {Engle, R. F. and Susmel, R.},
          journal 	= {The Journal of Business \& Economic Statistics},
          volume 	= {11},
          number 	= {2},
          pages 	= {167--176},
          year 	= {1993},
          publisher = {Taylor \& Francis Group}
}
@article{reinsel1992vector,
          title 		= {{Vector autoregressive models with unit roots and reduced rank structure: estimation. likelihood ratio test, and forecasting}},
          author 	= {Reinsel, G. C. and Ahn, S. K.},
          journal 	= {The Journal of Time Series Analysis},
          volume 	= {13},
          number 	= {4},
          pages 	= {353--375},
          year 	= {1992},
          publisher = {Wiley Online Library}
}
@incollection{shumway2011arima,
          title 		= {ARIMA models},
          author 	= {Shumway, R. H. and Stoffer, D. S.},
          booktitle 	= {Time Series Analysis and Its Applications},
          pages 	= {83--171},
          year 	= {2011},
          publisher = {Springer}
}
@article{ait2005often,
          title 		= {{How often to sample a continuous-time process in the presence of market microstructure noise}},
          author 	= {{A{\"\i}t-Sahalia, Y. and Mykland, P. A. and Zhang, L.}},
          journal 	= {The Review of Financial Studies},
          volume 	= {18},
          number 	= {2},
          pages 	= {351--416},
          year 	= {2005},
          publisher = {Soc Financial Studies}
}
@article{barndorff2002econometric,
          title 		= {{Econometric analysis of realized volatility and its use in estimating stochastic volatility models}},
          author 	= {Barndorff-Nielsen, O. E. and Shephard, N.},
          journal 	= {Journal of the Royal Statistical Society: Series B (Statistical Methodology)},
          volume 	= {64},
          number 	= {2},
          pages 	= {253--280},
          year 	= {2002},
          publisher = {Wiley Online Library}
}
@inproceedings{freund1995decision,
          title 		= {{A decision-theoretic generalization of on-line learning and an application to boosting}},
          author 	= {Freund, Y. and Schapire, R. E.},
          booktitle 	= {European Conference on Computational Learning Theory},
          pages 	= {23--37},
          year 	= {1995},
          organization  = {Springer}
}
@inproceedings{freund1996experiments,
          title 		= {Experiments with a new boosting algorithm},
          author 	= {Freund, Y. and Schapire, R. E.},
          booktitle 	= {International Conference on Machine Learning},
          volume 	= {96},
          pages 	= {148--156},
          year 	= {1996},
          organization = {Morgan Kaufmann Publishers Inc., San Francisco, CA}
}
@inproceedings{freund1997decision,
          title 		= {A decision-theoretic generalization of on-line learning and an application to boosting},
          author 	= {Freund, Y. and Schapire, R. E.},
          booktitle 	= {Journal of Computer and System Sciences},
          volume 	= {55},
          pages 	= {119--139},
          year 	= {1997}
}
@article{friedman2001greedy,
          title 		= {Greedy function approximation: a gradient boosting machine},
          author 	= {Friedman, J.},
          journal 	= {Annals of statistics},
          pages 	= {1189--1232},
          year 	= {2001},
          publisher = {JSTOR}
}
@article{friedman2000additive,
          title 		= {{Additive logistic regression: a statistical view of boosting (with discussion and a rejoinder by the authors)}},
          author 	= {Friedman, J. and Hastie, T. and Tibshirani, R.},
          journal 	= {The Annals of Statistics},
          volume 	= {28},
          number 	= {2},
          pages 	= {337--407},
          year 	= {2000},
          publisher = {Institute of Mathematical Statistics}
}
@article{breiman1996bagging,
          title 		= {Bagging predictors},
          author 	= {Breiman, L.},
          journal 	= {Machine learning},
          volume 	= {24},
          number 	= {2},
          pages 	= {123--140},
          year 	= {1996},
          publisher = {Springer}
}
@article{breiman1999prediction,
          title 		= {Prediction games and arcing algorithms},
          author 	= {Breiman, L.},
          journal 	= {Neural Computation},
          volume 	= {11},
          number 	= {7},
          pages 	= {1493--1517},
          year 	= {1999},
          publisher = {MIT Press}
}
@article{baker2006investor,
          title 		= {Investor sentiment and the cross-section of stock returns},
          author 	= {Baker, M. and Wurgler, J.},
          journal 	= {Journal of Finance},
          volume 	= {61},
          number 	= {4},
          pages 	= {1645--1680},
          year 	= {2006},
          publisher = {Wiley Online Library}
}
@article{tetlock2007giving,
          title 		= {{Giving content to investor sentiment: The role of media in the stock market}},
          author 	= {Tetlock, P. C.},
          journal 	= {Journal of Finance},
          volume 	= {62},
          number 	= {3},
          pages 	= {1139--1168},
          year 	= {2007},
          publisher = {Wiley Online Library}
}
@book{cutler1988moves,
          title 		= {What moves stock prices?},
          author 	= {Cutler, D. M. and Poterba, J. M. and Summers, L. H.},
          volume 	= {15},
          pages 	= {4--12},
          year 	= {1989},
          publisher = {National Bureau of Economic Research Cambridge, Mass., USA}
}
@article{keynes1937general,
          title 		= {The general theory of employment},
          author 	= {Keynes, J. M.},
          journal 	= {The Quarterly Journal of Economics},
          pages 	= {209--223},
          year 	= {1937},
          publisher = {JSTOR}
}
@article{antweiler2004all,
          title 		= {Is all that talk just noise? {T}he information content of internet stock message boards},
          author 	= {Antweiler, W. and Frank, M. Z.},
          journal 	= {Journal of Finance},
          volume 	= {59},
          number 	= {3},
          pages 	= {1259--1294},
          year 	= {2004},
          publisher = {Wiley Online Library}
}
@article{baker2007investor,
	  title 	= {Investor sentiment in the stock market},
	  author 	= {Baker, M. and Wurgler, J.},
	  journal 	= {Journal of Economic Perspectives},
	  volume 	= {21},
	  number 	= {2},
	  pages 	= {129--151},
	  year 	= {2007},
	  publisher = {American Economic Association}
}
@article{fama2015international,
	  title 	= {International tests of a five-factor asset pricing model},
	  author 	= {Fama, E. F. and French, K. R.},
	  journal 	= {Fama-Miller Working Paper},
	  year 	= {2015}
}
@article{da2015sum,
	  title 	= {The Sum of All Fears Investor Sentiment and Asset Prices},
	  author 	= {Da, Z. and Engelberg, J. and Gao, P.},
	  journal 	= {The Review of Financial Studies},
	  volume 	= {28},
	  number 	= {1},
	  pages 	= {1--32},
	  year 	= {2015},
	  publisher = {Soc Financial Studies}
}
@article{da2011search,
	  title 	= {In search of attention},
	  author 	= {Da, S. and Engelberg, J. and Gao, P.},
	  journal 	= {Journal of Finance},
	  volume 	= {66},
	  number 	= {5},
	  pages 	= {1461--1499},
	  year 	= {2011},
	  publisher = {Wiley Online Library}
}
@article{stamb,
	  title 	= {The Short of It: Investor Sentiment and Anomalies},
	  author 	= {Stambaugh, R. and Yu, J. and Yuan, Y.},
	  journal 	= {Journal of Financial Economics},
	  volume 	= {104},
	  pages 	= {288--302},
	  year 	= {2012}}
@article{huang,
	  title 	= {Investor Sentiment Aligned: A Powerful Predictor of Stock Returns},
	  author 	= {{Huang, D., and Jiang, F., and Tu, J., and Zhou, G.}},
	  journal 	= {The Review of Financial Studies},
	  volume 	= {28},
	  pages 	= {791--837},
	  year 	= {2015},
}
@book{mitra2,
	  title 	= {The Handbook of News Analytics in Finance (Ed)},
	  author 	= {Mitra, G. and Mitra, L.},
	  city		= {New York},
	  year 	= {2011},
	  publisher= {Wiley Finance},
}
@book{peterson,
	  title 	= {Trading on Sentiment: The Power of Minds over Markets},
	  author 	= {Peterson, R.L.},
	  publisher= {Wiley Finance},
	  city		= {New York},
	  year 	= {2016},
}
@article{daschen,
	  title 	= {Yahoo! for Amazon: Sentiment Extraction from Small Talk on the Web},
	  author 	= {{Das, S.R., and Chen, M.Y.}},
	  journal 	= {Management Science},
	  volume 	= {53},
	  pages 	= {1375--1388},
	  year 	= {2007}
}
@article{ssw,
	  title 	= {Noise Trader Risk in Financial Markets},
	  author 	= {{DeLong, B.J., and Shleifer, A., and Summers, L.H., and Waldmann, R.J.}},
	  journal 	= {The Journal of Political Economy},
	  volume 	= {98},
	  pages 	= {703--738},
	  year 	= {1990},
}
@article{klub,
	  title 	= {When machines read the news: Using automated text analytics to quantify high frequency news-implied market reactions}, 
	  author 	= {{Gro{\ss}-Klussmann, A., and Hautsch, N.}},
	  journal 	= {Journal of Empirical Finance},
	  volume 	= {18},
	  pages 	= {321--340},
	  year 	= {2011},
}
@article{garth,
	  title 	= {An interpretation of partial least squares},
	  author 	= {Garthwaite, P.H.},
	  journal 	= {Journal of the American Statistical Association},
	  volume 	= {89},
	  pages 	= {122--127},
	  year 	= {1994},
}
@article{helland88,
	  title 	= {On the structure of partial least squares regression},
	  author 	= {Helland, I.S.},
	  journal 	= {Communications in Statistics, Simulation and Computation},
	  volume 	= {B17},
	  pages 	= {581--607},
	  year 	= {1988},
}
@article{helland90,
	  title 	= {Partial least squares regression and statistical models},
	  author 	= {Helland, I.S.},
	  journal 	= {Scandinavian Journal of Statistics},
	  volume 	= {17},
	  pages 	= {97--114},
	  year 	= {1990},
}
@book{wold,
	  title 	= {PLS regression},
	  author 	= {Wold, H.},
	  journal 	= {Encyclopedia of Statistical Sciences},
	  publisher= {Eds. N.L. Johnson and S. Kotz},
	  volume 	= {6},
	  pages 	= {581--591},
	  year 	= {1984},
}
@article{yuyuan,
	  title 	= {{Investor sentiment and the mean--variance relation}},
	  author 	= {{Yu, J., and Yuan, Y.}},
	  journal 	= {{Journal of Financial Economics}},
	  volume 	= {{100}},
	  pages 	= {{367--381}},
	  year 	= {{2011}},
}	
@article{liewzhang,
	  title 	= {Tweet Sentiments and Crowd--Sourced Earnings Estimates as Valuable Sources of Information around Earnings Releases},
	  author 	= {{Liew, J.K--S., and Guo, S., and Zhang, T.}},
	  journal 	= {The Journal of Alternative Investments},
	  volume 	= {Winter Issue},
	  pages 	= {1--20},
	  year 	= {2017},
}	
@article{ohara,
	author 	= {M. O'Hara},
	journal 	= {Journal of Finance},
	pages 	= {1335--1354},
	title 		= {{Presidential Address: Liquidity and Price Discovery}},
	volume 	= {58},
	year 		=  {2003}
}
@article{black71,
	author 	= {F. Black},
	journal 	= {Financial Analysts Journal},
	pages 	= {29--34},
	title 		= {{Towards a Fully Automated Exchange, Part I}},
	volume 	= {27},
	year 		=  {1971}
}
@article{hendershott2014,
	author 	= {Hendershott, T. and Brogaard, J. and Riordon, R.},
	journal 	= {The Review of Financial Studies},
	pages 	= {2267--2306},
	title 		= {{High Frequency Trading and Price Discovery}},
	volume 	= {27},
	year 		=  {2014}
}	
@article{ho1981,
	author 	= {T. Ho and H.R. Stoll},
	journal 	= {Journal of Financial Economics},
	pages 	= {47--73},
	title 		= {{Optimal dealer pricing under transactions and return uncertainty}},
	volume 	= {9},
	year 		=  {1981}
}			
@article{uhlenbeck,
	author 	= {G.E. Uhlenbeck and L.S. Ornstein},
	journal 	= {Physical Review},
	pages 	= {823--841},
	title 		= {{On the Theory of Brownian Motion}},
	volume 	= {36},
	year 		=  {1930}
}
@book{rao1973,
	  title 	= {Linear Statistical inference and its applications},
	  author 	= {C.R. Rao},
	  publisher= {Wiley-Interscience, New York},
	  edition	= {2},
	  year 	= {1973},
}
@book{easley,
	  title 	= {High-frequency Trading: New Realities for Traders, Markets and Regulators},
	  author 	= {Easley, D. and Lopez de Prado, M. and O'Hara, M. (Ed.)},
	  publisher= {Risk Books, New York},
	  edition	= {2},
	  year 	= {2014},
}
@article{gatheral,
	author 	= {J. Gatheral},
	journal 	= {Quantitative Finance},
	pages 	= {769--759},
	title 		= {{No-Dynamic-Arbitrage and Market Impact}},
	volume 	= {10},
	year 		=  {2010}}
}
@article{jarque80,
	author 	= {C.M. Jarque and A.K. Beru},
	journal 	= {Economic Letters},
	pages 	= {255--259},
	title 		= {{Efficient tests for normality, homoscedasticity and serial independence of regression residuals}},
	volume 	= {6},
	year 		=  {1980}
}
@article{bandi,
	author 	= {F.M. Bandi and J.R. Russell},
	journal 	= {Journal of Financial Economics},
	pages 	= {655--692},
	title 		= {{Separating Microstructure Noise from Volatility}},
	volume 	= {79},
	year 		=  {2006}}
}
@article{lakon,
	author 	= {L. Chan and J. Lakonishok},
	journal 	= {Journal of Finance},
	pages 	= {713--735},
	title 		= {{institutional Equity Trading Costs, NYSE versus Nasdaq}},
	volume 	= {52},
	year 		=  {1997}}
}
@article{madhavan,
	author 	= {D.B Keim and A. Madhavan},
	journal 	= {Journal of Financial Economics},
	pages 	= {265--292},
	title 		= {{Transaction Costs and Investment style: an inter-exchange analysis of institutional equity trades}},
	volume 	= {46},
	year 		=  {1997}}
}
@article{obizhaeva,
	author 	= {A.A. Obizhaeva and J. Wang},
	journal 	= {Journal of Financial Markets},
	pages 	= {1--32},
	title 		= {{Optimal trading strategy and supply/demand dynamics}},
	volume 	= {16},
	year 		=  {2013}}
}
@article{prado2,
	author 	= {Easley, D. and De Prado, M.L. and O'Hara, M.},
	journal 	= {Mathematical Finance},
	pages 	= {640--672},
	title 		= {{Optimal Execution Horizon}},
	volume 	= {25},
	year 		=  {2015}}
}
@article{prado3,
	author 	= {Easley, D. and De Prado, M.L. and O'Hara, M.},
	journal 	= {The Review of Financial Studies},
	pages 	= {1457--1493},
	title 		= {{Flow Toxicity and Liquidity in a High Frequency World}},
	volume 	= {25},
	year 		=  {2012}}
}
@article{paper,
	author 	= {Easley, D. and Kiefer, N. and O'Hara, M. and Paperman, J.},
	journal 	= {Journal of Finance},
	pages 	= {1405--1536},
	title 		= {{Liquidity, Information and Infrequently traded stocks}},
	volume 	= {51},
	year 		=  {1996}}
}
@article{bertrand,
	author 	= {P. Bertrand and C. Protopopescu},
	year 		=  {2010},
	journal 	= {International Journal of Business},
	volume 	= {15},
	pages 	= {71--86},
	title 		= {The Statistics of the Information Ratio}
}
@article{awlo,
	author 	= {A.W. Lo},
	year 		=  {2002},
	pages 	= {36--52},
	journal 	= {Financial Analysis Journal},
	title 		= {The Statistics of Sharpe Ratios}
}
@article{contk,
	author 	= {R. Cont and A. Kukanov},
	year 		=  {2017},
	title 		= {Optimal order placement in limit order markets},
	journal 	= {Quantitative Finance},
	volume 	= {17},
	pages 	= {21--39}
}
@article{hauthuang,
	author 	= {N. Hautsch and R. Huang},
	year 		= {2012},
	title 		= {The market impact of a limit order},
	journal 	= {The Journal of Economic Dynamics and Control},
	volume 	= {36},
	pages 	= {501--522}
}
@article{habbrooksaar,
	author 	= {J. Hasbrouck and G. Saar},
	year 		= {2009},
	title 		= {Technology and liquidity provision: The blurring of traditional definitions},
	journal 	= {Journal of Financial Markets},
	volume 	= {12},
	pages 	= {143--172}
}
@article{contkulst,
	author 	= {R. Cont and A. Kukanov and S. Stoikov},
	year 		= {2014},
	title 		= {The Price Impact of Order Book Events},
	journal 	= {The Journal of Financial Econometrics},
	volume 	= {12},
	pages 	= {47--88}
}
@article{zar,
	author 	= {E. Zarinelli and M. Treccani and J.D. Farmer and F. Lillo},
	year 		= {2015},
	title 		= {Beyond the Square Root: Evidence for Logarithmic Dependence of Market Impact on Size and Participation Rate},
	journal 	= {Market Microstructure and Liquidity},
	volume 	= {1},
	pages 	= {1--31}
}
@article{unpub,
	author 	= {R. Velu and A. Gretchika and M. Benaroch and D. Nehren and K. Kuber},
	title 		= {{Market Impact: To Trade Small or to Trade Seldom? Evidence from Algorithmic Execution Data.}},
	journal 	= {Unpublished},
	year 		= {2015}
}
@article{blumeohar,
	author 	= {L. Blume and D. Easley and M. O'Hara},
	title 		= {{Market Statistics and Technical Analysis: The role of volume}},
	journal 	= {Journal of Finance},
	year 		= {1994},
	pages 	= {153--181},
	volume 	= {49}
}
@article{campbellgross,
	author 	= {J.Y. Campbell and S.J. Grossman and J. Wang},
	title 		= {{Trading Volume and Serial Correlation in Stock Returns}},
	journal 	= {The Quarterly Journal of Economics},
	volume 	= {108},
	pages 	= {905--939},
	year 		= {1993}
}
@article{llmsw,
	author 	= {G. Llorente and R. Michaely and G. Saar and J. Wang},
	title 		= {{Dynamic Volume-Return Relation of Individual Stocks}},
	volume 	= {15},
	journal 	= {{The Review of Financial Studies}},
	pages 	= {1005--1047},
	year 		= {2002}
}
@article{germing,
	author 	= {S. Gervais and R. Kaniel and D.H. Mingelgrin},
	year 		= {2001},
	title 		= {{The High-Volume Return Premium}},
	journal 	= {Journal of Finance},
	volume 	= {56},
	pages 	= {877--919}
}
@article{conniden,
	author 	= {J.S. Conrad and A. Hameed and C. Niden},
	year 		= {1994},
	title 		= {{Volume and Autocovariances in Short-horizon individual security returns}},
	volume 	= {49},
	journal 	= {Journal of Finance},
	pages 	= {1305--1329}
}
@article{leesur,
	author 	= {C.M.C. Lee and B. Suraminathan},
	year 		= {2000},
	title 		= {{Price Momentum and Trading Volume}},
	journal 	= {Journal of Finance},
	volume 	= {55},
	pages 	= {2017--2069}
}
@article{chanfong,
	author 	= {K. Chan and W-M. Fong},
	year 		= {2000},
	title 		= {{Trade Size, Order imbalance and the Volatility-Volume Relation}},
	journal 	= {Journal of Financial Economics},
	volume 	= {57},
	pages 	= {247--273}
}
@article{leeready,
	author 	= {C.M. Lee and M. Ready},
	year 		= {1991},
	title 		= {{Inferring trade direction from intraday data}},
	journal 	= {Journal of Finance},
	volume 	= {46},
	pages 	= {733--746}
}
@article{chorroll,
	author 	= {T. Chordia and R. Roll and A. Subrahmanyam},
	year 		= {2002},
	title 		= {{Order imbalance, liquidity, and market returns}},
	journal 	= {Journal of Financial Economics},
	volume 	= {65},
	pages 	= {111--130}
}
@article{cooper,
	author 	= {M. Cooper},
	year 		= {1999},
	title 		= {{Filter values based on price and volume in individual security overreaction}},
	journal 	= {The Review of Financial Studies},
	volume 	= {12},
	pages 	= {901--935}
}
@article{satish,
	author 	= {V. Satish and A. Saxena and M. Palmer},
	year 		= {2014},
	title 		= {{Predicting intraday trading volume and volume percentages}},
	journal 	= {The Journal of Trading},
	volume 	= {9},
	pages 	= {15--25}
}
@article{brownless,
	author 	= {C. Brownlees and F. Cipollini and G.M. Gallo},
	year 		= {2011},
	title 		= {Intra-daily volume modeling and prediction for algorithmic trading},
	journal 	= {The Journal of Financial Econometrics},
	volume 	= {9},
	pages 	= {489--518}
}
@incollection{jdham,
	  author 	= {J.D. Hamiton},
          title 		= {{Macroeconomic regimes and Regime Shifts}},
          editor	= {J.B. Taylor and H. Uhlig},
          booktitle 	= {{Handbook of Macroeconomics}},
          publisher = {Elsevier},
          year 	=  {2016},
          pages 	= {153--201},
          chapter= {3},
}
@article{vishny,
	author 	= {N. Barberis and A. Shleifer and R. Vishny},
	year 		= {1998},
	title 		= {{A model of investor sentiment}},
	journal 	= {Journal of Financial Economics},
	volume 	= {49},
	pages 	= {307--343}
}
@article{89ham,
	author 	= {J.D. Hamilton},
	year 		= {1989},
	title 		= {{A new approach to the economic analysis of nonstationary time series and the business cycle}},
	journal 	= {Econometrica},
	volume 	= {57},
	pages 	= {357--384}
}
@article{timmerman,
	author 	= {A. Ang and A. Timmermann},
	year 		= {2012},
	title 		= {{Regime Changes and Financial Markets}},
	journal 	= {Annual Review of Finance and Economics},
	volume 	= {4},
	pages 	= {313--337}
}
@article{pastor,
	author 	= {L. Pastor and R.F. Stambough},
	year 		= {2001},
	title 		= {{The Equity Premium and Structural Breaks}},
	journal 	= {{Journal of Finance}},
	volume 	= {56},
	pages 	= {1207--1239}
}
@article{laixing,
	author 	= {T.L. Lai and H. Xing},
	year 		= {2013},
	title 		= {{Stochastic Change-Point ARX GARCH Models and their applications to econometric times series}},
	journal 	= {Statistica Sinica},
	volume 	= {23},
	pages 	= {1573--1594}
}
@article{chib,
	author 	= {S. Chib},
	year 		= {1998},
	title 		= {{Estimation and comparison of multiple change-point models}},
	journal 	= {Journal of Econometrics},
	volume 	= {86},
	pages 	= {221--241}
}
@article{90ham,
	author 	= {J.D. Hamilton},
	year 		= {1990},
	title 		= {{Analysis of Time Series subject to changes in regime}},
	journal 	= {Journal of Econometrics},
	volume 	= {45},
	pages 	= {39--70}
}
@article{shuap,
	author 	= {W. Jiang and L. Shu and D.W. Apley},
	year 		= {2008},
	title 		= {{Adaptive CUSUM procedures with EWMA-based shift estimators}},
	journal 	= {IIE Transactions},
	volume 	= {40},
	pages 	= {992--1003}
}
@article{hendersea,
	author 	= {T. Hendershott and M. Seasholes},
	year 		= {2007},
	title 		= {{Market Maker Inventories and Stock Prices}},
	journal 	= {American Economic Review},
	volume 	= {97},
	pages 	= {210--214}
}
@article{anderwalk,
	author 	= {T.W. Anderson and A.M. Walker},
	year 		= {1964},
	title 		= {{On the asymptotic distribution of the autocorrelations of a sample from a linear stochastic process}},
	journal 	= {Annals of Mathematical Statistics},
	pages 	= {1296--1303},
	volume 	= {35}
}
@article{akaike74,
	author 	= {H. Akaike},
	year 		= {1974},
	title 		= {{A new look at the statistical model identification}},
	journal 	= {IEEE Transactions on Automatic Control},
	volume 	= {AC--19},
	pages 	= {716--723}
}
@article{sch78,
	author 	= {G. Schwarz},
	year 		= {1978},
	title 		= {Estimating the dimension of a model},
	journal 	= {Annals of Statistics},
	volume 	= {6},
	pages 	= {401--404}
}
@book{2002reinsel,
	author 	= {G.C. Reinsel},
	year 		= {2002},
	publisher  = {Springer-Verlag, New York},
	title 		= {{Element of Multivariate Time Series Analysis, Second Edition}}
}
@article{koz93,
	author 	= {R.F. Engle and S. Kozicki},
	year 		= {1993},
	title 		= {{Testing for Common Features}},
	journal 	= {Journal of Business and Economic Statistics},
	volume 	= {11},
	pages 	= {369--380}
}
@article{vah93,
	author 	= {F. Vahid and R.F. Engle},
	year 		= {1993},
	title 		= {{Common Trends and common cycles}},
	volume 	= {8},
	pages 	= {341--360},
	journal 	= {The Journal of Applied Econometrics}
}
@article{box77,
	author 	= {G.E.P. Box and G.C. Tiao},
	title 		= {{A canonical analysis of multiple time series}},
	journal 	= {Biometrika},
	volume 	= {64},
	pages 	= {355--365},
	year 		= {1977}
}
@book{brill81,
	author 	= {D.R. Brillinger},
	year 		= {1981},
	title 		= {{Time Series: Data Analysis and Theory}},
	publisher  = {expanded edition. San Francisco: Holden-Day}
}
@article{jasiak,
	author 	= {E. Ghysels and C. Gourieroux and J. Jasiak},
	title 		= {{Stochastic volatility duration models}},
	year 		= {2004},
	pages 	= {413--433},
	volume 	= {119},
	journal 	= {Journal of Econometrics}
}
@article{blackcap,
	author 	= {F. Black},
	title 		= {{Capital market equilibrium with restricted borrowing}},
	journal 	= {The Journal of Business},
	volume 	= {45},
	pages 	= {444--454},
	year 		= {1972}
}
@article{lint65,
	author 	= {J. Lintner},
	title 		= {{The valuation of risky assets and the selection of risky investment in stock portfolios and capital budgets}},
	journal 	= {Review of Economics and Statistics},
	volume 	= {47},
	pages 	= {13--37},
	year 		= {1965}
}
@book{markport,
	author 	= {H. Markowitz},
	year 		= {1959},
	title 		= {{Portfolio Selection: Efficient Diversification of Investments}},
	publisher  = {Wiley: New York}
}
@article{mertonint,
	author 	= {R.T. Merton},
	title 		= {{An intertemporal capital asset pricing model}},
	year 		= {1973},
	pages 	= {867--887},
	journal 	= {Econometrica},
	volume 	= {41}
}
@article{rossarb,
	author 	= {S.A. Ross},
	title 		= {{The arbitrage theory of capital asset pricing}},
	year 		= {1976},
	journal 	= {The Journal of Economic Theory},
	volume 	= {13},
	pages 	= {341--360}
}
@article{sharpcap,
	author 	= {W.F. Sharpe},
	title 		= {{Capital asset prices: a theory of market equilibrium under conditions of risk}},
	year 		= {1964},
	journal 	= {Journal of Finance},
	volume 	= {19},
	pages 	= {425--442}
}
@book{campbellmaclo,
	author 	= {J.Y. Campbell and A.W. Lo and A.C. MacKinlay},
	title 		= {{The Econometrics of Financial Markets}},
	publisher  = {Princeton University Press, New Jersey},
	year 		= {1996}
}
@book{velurein,
	author 	= {G.C. Reinsel and R. Velu},
	year 		= {1998},
	title 		= {{Multivariate Reduced-Rank Regression, Theory and Application}},
	publisher  = {Springer-Verlag, New York}
}
@article{andersontw,
	author 	= {T.W. Anderson},
	year 		= {1951},
	title 		= {{Estimating linear restrictions on regression coefficients for multivariate normal distributions}},
	volume 	= {22},
	pages 	= {327--351},
	journal 	= {Annals of Mathematical Statistics}
}
@article{bewyang,
	author 	= {R. Bewley and M. Yang},
	title 		= {{Tests for cointegration based on canonical correlation analysis}},
	year 		= {1995},
	pages 	= {990--996},
	volume 	= {90},
	journal 	= {Journal of the American Statistical Association}
}
@article{velucanon,
	author 	= {R.P. Velu and D.W. Wichern and G.C. Reinsel},
	year 		= {1987},
	title 		= {{A note on non-stationarity and canonical analysis of multiple time series models}},
	journal 	= {The Journal of Times Series Analysis},
	volume 	= {8},
	pages 	= {479--487}
}
@article{chenecforce,
	author 	= {N.F. Chen and R. Roll and S.A. Ross},
	title 		= {Economic Forces and the Stock Market},
	journal 	= {The Journal of Business},
	volume 	= {59},
	pages 	= {383--403},
	year 		= {1986}
}
@book{andersontw2,
	author 	= {T.W. Anderson},
	title 		= {{An Introduction to Multivariate Statistical Analysis}},
	publisher  = {Second Edition. New York, Wiley},
	year 		= {1984}
}
@article{leewilks,
	author 	= {Y.S. Lee},
	year 		= {1972},
	title 		= {{Some results on the distribution of Wilks' likelihood-ratio criterion}},
	journal 	= {Biometrika},
	volume 	= {59},
	pages 	= {649--664}
}
@article{pilgup,
	author 	= {K.C. Pillai and A.K. Gupta},
	year 		= {1969},
	title 		= {{On the exact distribution of Wilks' criterion}},
	journal 	= {Biometrika},
	volume 	= {56},
	pages 	= {109--118}
}
@article{schatzoff,
	author 	= {M. Schatzoff},
	year 		= {1966},
	title 		= {{Exact distribution of Wilks' likelihood ratio criterion}},
	journal 	= {Biometrika},
	volume 	= {53},
	pages 	= {347--358}
}
@book{srivkhat,
	author 	= {M.S. Srivastava and C.G. Khatri},
	year 		= {1979},
	title 		= {{An Introduction to Multivariate Statistics}},
	publisher  = {New York: North Holland}
}
@article{gongra,
	author 	= {J. Gonzalo and C.W.J. Granger},
	year 		= {1995},
	title 		= {{Estimation of common long-term memory components in cointegrated systems}},
	journal 	= {Journal of Business and Economic Statistics},
	volume 	= {13},
	pages 	= {27--35}
}
@article{dempster,
	author 	= {A.P. Dempster and N-M. Laird and D.B. Rubin},
	year 		= {1977},
	title 		= {{Maximum Likelihood from Incomplete Data via the EM Algorithm}},
	journal 	= {Journal of the Royal Statistical Society, Series B},
	volume 	= {39},
	pages 	= {1--38}
}
@article{gibbons,
	author 	= {M.R. Gibbons and S.A. Ross and J. Shanken},
	year 		= {1989},
	title 		= {{A test of the efficiency of a given portfolio}},
	journal 	= {Econometrica},
	volume 	= {57},
	pages 	= {1121--1152}
}
@article{snow,
	author 	= {S. Satchell and A. Snowcraft},
	title 		= {{A demystification of the Black-Litterman model: Managing quantitative and traditional portfolio construction}},
	year 		= {2000},
	journal 	= {Journal of Asset Management},
	volume 	= {1},
	pages 	= {138--150}
}
@article{blacklit,
	author 	= {F. Black and R. Litterman},
	year 		= {1992},
	title 		= {{Global Portfolio Optimization}},
	journal 	= {Financial Analysts Journal},
	volume 	= {48 No. 5},
	pages 	= {28--43}
}
@article{jobkor,
	author 	= {J.D. Jobson and B. Korkie},
	year 		= {1980},
	title 		= {{Estimation for Markowitz Efficient Portfolios}},
	journal 	= {The Journal of American Statistical Association},
	volume 	= {75},
	pages 	= {544--554}
}
@article{laixingchen,
	author 	= {T.L. Lai and H. Xing and Z. Chen},
	year 		= {2011},
	title 		= {{Mean-Variance Portfolio Optimization when Means and Covariances are Unknown}},
	journal 	= {The Annals of Applied Statistics},
	volume 	= {5},
	pages 	= {798--823}
}
@book{michaud,
	author 	= {R.O. Michaud},
	year 		= {1989},
	title 		= {{Efficient Asset Management}},
	publisher  = {Harvard Business School Press, Boston}
}
@article{bruder,
	author 	= {B. Bruder and N. Gaussel and J-C. Richard and T. Roncalli},
	year 		= {2013},
	title 		= {{Regularization of Portfolio Allocation}},
	journal 	= {{White Paper Issue \#10}},
	publisher  = {Lyxor Research}
}
@article{merton,
	author 	= {R.C. Merton},
	year 		= {1980},
	title 		= {{On estimating the expected return on the market}},
	journal 	= {{Journal of Financial Economics}},
	volume 	= {8},
	pages 	= {323--336}
}
@article{wolf,
	author 	= {O. Ledoit and M. Wolf},
	year 		= {2003},
	title 		= {{Improved Estimation of the Covariance Matrix of Stock Returns with an Application to Portfolio Selection}},
	journal 	= {{Journal of Empirical Finance}},
	volume 	= {10},
	pages 	= {603--621}
}
@article{fansq,
	author 	= {J. Fan and Y. Fan and J. Lv},
	year 		= {2008},
	title 		= {{High dimensional covariance matrix estimation using a factor model}},
	journal 	= {Journal of Econometrics},
	volume 	= {147},
	pages 	= {187--197}
}
@article{vickers,
	author 	= {J. Fan and F. Han and B. Vickers},
	year 		= {2016},
	title 		= {{Robust inference of risks of large portfolios}},
	journal 	= {{Journal of Econometrics}},
	volume 	= {194},
	pages 	= {298--308}
}
@article{brodic,
	author 	= {J. Brodie and I. Daubechies and C. De Mol and D. Giannone and I. Lace},
	year 		= {2009},
	title 		= {{Sparse and Stable Markowitz Portfolios}},
	journal 	= {Proceedings of the National Academy of Sciences},
	volume 	= {106},
	pages 	= {12267--12272}
}
@article{efron,
	author 	= {B. Efron and T. Hastie and I. Johnstone and R. Tibshirani},
	year 		= {2004},
	title 		= {{Least Angle Regression}},
	journal 	= {Annals of Statistics},
	volume 	= {32},
	pages 	= {407--499}
}
@article{demig,
	author 	= {V. DeMiguel and L. Garlappi and R. Uppal},
	year 		= {2009},
	title 		= {{Optimal versus na\"ive diversification: How inefficient is the $1/N$ portfolio strategy?}},
	journal 	= {{The Review of Financial Studies}},
	volume 	= {22},
	pages 	= {1915--1953}
}
@article{jtu,
	author 	= {J. Tu and G. Zhou},
	year 		= {2011},
	title 		= {{Markowitz meets Talmud: A Combination of Sophisticated and Na\"ive Diversification}},
	journal 	= {{Journal of Financial Economics}},
	volume 	= {99},
	pages 	= {204--215}
}
@article{bguwang,
	author 	= {P. Boyle and L. Garlappi and R. Uppal and T. Wang},
	year 		= {2012},
	title 		= {{Keynes Meets Markowitz: The Trade-off between familiarity and diversification}},
	journal 	= {Management Science},
	volume 	= {58},
	pages 	= {253--272}
}
@article{Hub,
	author 	= {G. Huberman},
	year 		= {2001},
	title 		= {{Familiarity breeds investment}},
	journal 	= {The Review of Financial Studies},
	volume 	= {14},
	pages 	= {659--680}
}
@article{fanzhanyu,
	author 	= {J. Fan and J. Zhang and K. Yu},
	year 		= {2012},
	title 		= {{Vast Portfolio Selection with Cross-Exposure Constraints}},
	journal 	= {{Journal of the American Statistical Association}},
	volume 	= {107},
	pages 	= {592--606}
}
@article{jagma,
	author 	= {R. Jagannathan and T. Ma},
	year 		= {2003},
	title 		= {{Risk Reduction in Large Portfolios: Why Imposing the Wrong Constraints Helps}},
	journal 	= {{Journal of Finance}},
	volume 	= {58},
	pages 	= {1651--1683}
}
@article{bransc,
	author 	= {M.W. Brandt and P. Santa-Clara},
	year 		= {2006},
	title 		= {{Dynamic Portfolio Selection by Augmenting the Asset Space}},
	journal 	= {{Journal of Finance}},
	volume 	= {61},
	pages 	= {2187--2217}
}
@article{fersie,
	author 	= {W.E. Ferson and A.F. Siegel},
	year 		= {2001},
	title 		= {{The use of conditioning information in portfolios}},
	journal 	= {{Journal of Finance}},
	volume 	= {56},
	pages 	= {967--982}
}
@article{kourtis,
	author 	= {A. Kourtis},
	year 		= {2014},
	title 		= {{On the distribution and estimation of trading costs}},
	journal 	= {{Journal of Empirical Finance}},
	volume 	= {29},
	pages 	= {230--245}
}
@article{moorman,
	author 	= {T. Moorman},
	year 		= {2014},
	title 		= {{An empirical investigation of methods to reduce transaction costs}},
	journal 	= {{Journal of Empirical Finance}},
	volume 	= {29},
	pages 	= {230--245}
}
@article{pachfab,
	author 	= {D.A. Pachamanova and F.J. Fabozzi},
	year 		= {2014},
	title 		= {{Recent Trends in Equity Portfolio Construction Analytics}},
	journal 	= {{The Journal of Portfolio Management}},
	volume 	= {40},
	pages 	= {137--151}
}
@article{pattim,
	author 	= {A.J. Patton and A. Timmermann},
	year 		= {2010},
	title 		= {{Monotonicity in asset returns: New tests with applications to the term structure, the CAPM, and the portfolio sorts}},
	volume 	= {98},
	journal 	= {{Journal of Financial Economics}},
	pages 	= {605--625}
}

@article{lemmon,
	author 	= {R.N. Kahn and M. Lemmon},
	year 		= {2015},
	title 		= {{Smart Beta: The Owner's Manual}},
	journal 	= {{The Journal of Portfolio Management}},
	volume 	= {41},
	number 	= {2},
	pages 	= {76--83}
}
@article{hstoll,
	author 	= {H.R. Stoll},
	year 		= {2006},
	title 		= {{Electronic Trading in Stock Markets}},
	journal 	= {{Journal of Economic Perspectives}},
	volume 	= {20},
	pages 	= {153--174}
}
@article{frazped,
	author 	= {A. Frazzini and L.H. Pedersen},
	title 		= {Betting against beta},
	journal 	= {Journal of Financial Economics},
	volume 	= {111},
	year 		= {2014},
	pages 	= {1--25}
}
@article{spalt,
	author 	= {B. Biais and P. Hillion and C. Spatt},
	year 		= {1995},
	title 		= {{An Empirical Analysis of the Limit Order Book and the Order Flow in the Paris Bourse}},
	journal 	= {{Journal of Finance}},
	volume 	= {50},
	pages 	= {1655--1689}
}
@article{maczhang,
	author 	= {A.W. Lo and A.C. MacKinlay and J. Zhang},
	year 		= {2002},
	title 		= {Econometric models of limit-order executions},
	journal 	= {{Journal of Financial Economics}},
	volume 	= {65},
	pages 	= {31--71}
}
@book{parseppi,
	author 	= {C.A. Parlour and D.J. Seppi},
	year 		= {2008},
	title 		= {{Limit Order Markets -- A Survey, In Handbook of Financial Intermediation and Banking, Edited by A. Thakor and A. Boot}},
	publisher  = {Elsevier, Amsterdam}
}
@article{glosten94,
	author 	= {L. Glosten},
	year 		= {1994},
	title 		= {{Is the Electronic Open Limit Order Book Inevitable}},
	journal 	= {{Journal of Finance}},
	volume 	= {49},
	pages 	= {1127--1161}
}
@article{seppi97,
	author 	= {D. Seppi},
	year 		= {1997},
	title 		= {{Liquidity Provision with Limit Orders and a Strategic Specialist}},
	journal 	= {{The Review of Financial Studies}},
	volume 	= {10},
	pages 	= {103--150}
}
@article{harrispan,
	author 	= {L.E. Harris and V. Panchapagesan},
	title 		= {{The information content of the limit order book: evidence from NYSE specialist trading decisions}},
	journal 	= {{Journal of Financial Markets}},
	volume 	= {8},
	pages 	= {25--67}
}
@article{smithfarm,
	author 	= {E. Smith and D.J. Farmer and L. Gillemot and S. Krishnamurthy},
	year 		= {2003},
	title 		= {Statistical Theory of the Continuous Double Auction},
	journal 	= {Quantitative Finance},
	volume 	= {3},
	pages 	= {481--514}
}
@article{contstoi,
	author 	= {R. Cont and S. Stoikov and R. Talreja},
	year 		= {2010},
	title 		= {{A Stochastic Model for Order Book Dynamics}},
	journal 	= {Operations Research},
	volume 	= {58},
	pages 	= {549--563}
}
@article{bouchardmezard,
	author 	= {J-P. Bouchaud and M. Mezard and M. Potters},
	year 		= {2002},
	title 		= {{Statistical properties of stock order books: empirical results and models}},
	journal 	= {Quantitative Finance},
	volume 	= {2},
	pages 	= {251--256}
}
@article{menkkoop,
	author 	= {A.J. Menkveld and S.J. Koopman and A. Lucas},
	title 		= {{Modeling Around-the-clock Price Discovery for Cross-Listed Stocks Using State Space Methods}},
	year 		= {2007},
	volume 	= {25},
	pages 	= {213--225},
	journal 	= {{Journal of Business and Economic Statistics}}
}
@article{kroner,
	author 	= {R. Engle and F.K. Kroner},
	year 		= {1995},
	title 		= {{Multivariate simultaneous generalized ARCH}},
	journal 	= {{Econometric Theory}},
	volume 	= {11},
	pages 	= {122--150}
}
@article{laurent,
	author 	= {L. Bauwens and S. Laurent and J.V.K. Rombouts},
	year 		= {2006},
	title 		= {{Multivariate GARCH models: A Survey}},
	journal 	= {{The Journal of Applied Econometrics}},
	volume 	= {21},
	pages 	= {79--109}
}
@article{engleng,
	author 	= {R.F. Engle and V.K. Ng and M. Rothschild},
	title 		= {{Asset Pricing with a factor ARCH Covariance structure: empirical estimates for Treasury Bills}},
	journal 	= {{Journal of Econometrics}},
	volume 	= {45},
	year 		= {1990},
	pages 	= {213--218}
}
@article{hutsay14,
	author 	= {Y--P Hu and R.S. Tsay},
	year 		= {2014},
	title 		= {Principal Volatility Component Analysis},
	journal 	= {{Journal of Business and Economic Statistics}},
	volume 	= {32},
	pages 	= {153--164}
}
@article{seppi2001,
	author 	= {J. Hasbrouck and D.J. Seppi},
	title 		= {{Common factors in prices, order flows, and liquidity}},
	year 		= {2001},
	pages 	= {383--411},
	volume 	= {59},
	journal 	= {{Journal of Financial Economics}}
}
@article{chordia,
	author 	= {T. Chordia and R. Roll and A. Subrahmanyam},
	year 		= {2000},
	title 		= {{Commonality in liquidity}},
	journal 	= {{Journal of Financial Economics}},
	volume 	= {56},
	pages 	= {3--28}
}
@article{centoni,
	author 	= {M. Centoni and G. Cubadda},
	year 		= {2011},
	title 		= {{Modeling Comovements of Economic Time Series: A Selective Survey}},
	journal 	= {Statistica},
	volume 	= {71},
	pages 	= {267--293}
}
@article{hevelu,
	title 		= {{Volume and Volatility in a Common-Factor Mixture of Distributions Model}},
	year 		= {2014},
	author 	= {X. He and R. Velu},
	volume 	= {49},
	pages 	= {33--49},
	journal 	= {The Journal of Financial and Quantitative Analysis}
}
@article{roll1984,
	title 		= {{A Simple Model of the Implicit Bid-Ask Spread in an Efficient Market}},
	author 	= {R. Roll},
	year 		= {1984},
	journal 	= {{Journal of Finance}},
	volume 	= {39},
	pages 	= {1127--1139}
}
@article{klass1980,
	author 	= {M.B. Garman and M.J. Klass},
	title 		= {{On the estimation of security price volatilities from historical data}},
	journal 	= {{The Journal of Business}},
	year 		= {1980},
	volume 	= {53},
	pages 	= {67--78}
}
@article{yangzhang2000,
	author 	= {D. Yang and Q. Zhang},
	title 		= {{Drift-Independent Volatility Estimation Based on High, Low, Open and Close Prices}},
	journal 	= {{The Journal of Business}},
	year 		= {2000},
	volume 	= {73},
	pages 	= {477--491}
}
@article{rogerssatchell1991,
	author 	= {L.C.G. Rogers and S.E. Satchell},
	year 		= {1991},
	title 		= {{Estimating variance from high, low and closing prices}},
	journal 	= {{Annals of Applied Probability}},
	volume 	= {1},
	pages 	= {504--512}
}
@article{diebold,
	author 	= {S. Alizadeh and M.W. Brandt and F.X. Diebold},
	year 		= {2002},
	title 		= {{Range-Based Estimation of Stochastic Volatility Models}},
	journal 	= {{Journal of Finance}},
	volume 	= {57},
	pages 	= {1047--1091}
}
@article{dijk,
	author 	= {M. Martens and D. van Dijk},
	year 		= {2007},
	title 		= {{Measuring volatility with the realized range}},
	journal 	= {{Journal of Econometrics}},
	volume 	= {138},
	pages 	= {181--207}
}
@article{schultz12,
	author 	= {S.A. Corwin and P. Schultz},
	year 		= {2012},
	title 		= {{A simple way to estimate bid-ask spreads from daily high and low prices}},
	journal 	= {{Journal of Finance}},
	volume 	= {67},
	pages 	= {719--759}
}
@article{abdi,
	author 	= {F. Abdi and A. Ranaldo},
	year 		= {2017},
	title 		= {{A simple estimation of Bid-ask spreads from Daily Close, High and Low prices}},
	journal 	= {{The Review of Financial Studies}},
	volume 	= {30},
	pages 	= {4437--4480}
}
@book{hastibf,
	author 	= {T. Hastie and R. Tibshirani and J. Friedman},
	year 		= {2009},
	title 		= {{The elements of Statistical Learning; Data Mining, Inference and Prediction, Second Edition}},
	publisher  = {Springer-Verlag, New York}
}
@article{mandelbrot,
	author 	= {B. Mandelbrot},
	year 		= {1963},
	title 		= {{The Variation of Certain Speculative Prices}},
	volume 	= {36},
	journal 	= {{Journal of Business}},
	pages 	= {294--319}
}
@article{alexander61,
	author 	= {S.S. Alexander},
	year 		= {1961},
	title 		= {{Price Movements in Speculative Markets: Trends of Random Walks}},
	journal 	= {{Industrial Management Review}},
	pages 	= {7--26}
}
@article{alexander64,
	author 	= {S.S. Alexander},
	year 		= {1964},
	title 		= {{Price Movements in Speculative Markets: Trends of Random Walks, No 2}},
	journal 	= {{Industrial Management Review}},
	pages 	= {25--46}
}
@article{hanyangzhou,
	author 	= {Y. Han and K. Yang and G. Zhou},
	year 		= {2013},
	title 		= {{A New Anomaly: The Cross-Sectional Profitability of Technical Analysis}},
	journal 	= {{Journal of Financial and Quantitative Analysis}},
	pages 	= {1433--1461},
	volume 	= {48}
}
@article{kelly56,
	author 	= {J.L. Kelly},
	year 		= {1956},
	title 		= {{A new interpretation of information rate}},
	journal 	= {{Bell System Technical Journal}},
	volume 	= {35},
	pages 	= {917--926}
}
@article{zhuzhou09,
	author 	= {Y. Zhu and G. Zhou},
	year 		= {2009},
	title 		= {{Technical Analysis: An asset allocation perspective on the use of moving averages}},
	journal 	= {{Journal of Financial Economics}},
	volume 	= {92},
	pages 	= {519--544}
}
@article{winne,
	author 	= {R. De~Winne and C. D'Hondt},
	year 		= {2007},
	title 		= {{Hide-and-seek in the market: placing and detecting hidden order}},
	volume 	= {11},
	pages 	= {663--692},
	journal 	= {Review of Finance}
}
@article{pardopas,
	author 	= {A. Pardo and R. Pascual},
	year 		= {2012},
	pages 	= {949--967},
	volume 	= {18},
	title 		= {{On the hidden side of liquidity}},
	journal 	= {{The European Journal of Finance}}
}
@article{caohanschwang,
	author 	= {C. Cao and O. Hansch and X. Wang},
	year 		= {2009},
	title 		= {{The information content of an open limit order book}},
	journal 	= {{The Journal of Futures Markets}},
	volume 	= {29},
	pages 	= {16--41}
}
@article{bessenbinder,
	author 	= {H. Bessembinder and M. Panayides and K. Venkataraman},
	year 		= {2009},
	title 		= {{Hidden Liquidity: An analysis of order exposure strategies in electronic stock markets}},
	journal 	= {{Journal of Financial Economics}},
	volume 	= {94},
	pages 	= {361--383}
}
@article{almgren2003,
	author 	= {R.F. Almgren},
	year 		= {2003},
	title 		= {{Optimal execution with nonlinear impact functions and trading enhanced risk}},
	journal 	= {{Applied Mathematical Finance}},
	volume 	= {10},
	pages 	= {1--18}
}
@article{gagkar,
	author 	= {L. Gagnon and G.A. Karolyi},
	year 		= {2010},
	title 		= {{Multi-market trading and arbitrage}},
	journal 	= {{Journal of Financial Economics}},
	volume 	= {97},
	pages 	= {53--80}
}
@article{kochsq,
	author 	= {P.D. Koch and T.W. Koch},
	year 		= {1991},
	title 		= {{Evolution in dynamic linkages across daily national stock indexes}},
	journal 	= {{Journal of International Money and Finance}},
	volume 	= {10.2},
	pages 	= {231--251}
}
@article{bidafol,
	author 	= {J.P. Bialkowski and S. Darolles and G. Le Fol, Gaëlle},
	year 		=  {2006},
	title 		= {{Improving VWAP. Strategies: A Dynamical Volume Approach}}, 
	journal 	= {{Journal of Banking and Finance}},
	volume 	= {32}
}
@article{kawhiro,
	author 	= {Kawakatsu, Hiroyuki},
	year	 	= {2017},
	title 		= {Direct multiperiod forecasting for algorithmic trading},
	journal 	= {Journal of Forecasting},
	volume 	= {37},
	number 	= {1},
	pages 	= {83-101}
}
@article{ghliz,
	author 	= {L. Gao and Y. Han and S.Z. Li and G. Zhou},
	year 		=  {2018},
	title 		= {{Market intraday momentum}},
	journal 	= {{Journal of Financial Economics}},
	volume 	= {129},
	pages 	= {394--414}
}
@article{krasch,
        author 	= {{Kratz}, P. and {Sch\"oneborn}, T.},
        title 		= {{Portfolio liquidation in dark pools in continuous time}},
        journal 	= {ArXiv e-prints},
        year 		=  {2012}
}
@article{farmermikesen,
	author 	= {J.D. Farmer and L. Gillemot and F. Lillo and S. Mike and A. Sen},
	year 		=  {2004},
	title 		= {{What really causes large price changes?}},
	journal 	= {Quantitative Finance},
	volume 	= {4},
	pages 	= {383--397}
}
@article{irosu09,
	author 	= {I. Rosu},
	year 		=  {2009},
	title 		= {{A Dynamic Model of the Limit Order Book}},
	journal 	= {The Review of Financial Studies},
	volume 	= {22},
	pages 	= {4601--4641}
}
@article{chaktokpat,
	author 	= {A. Chakraborti and I.M. Toke and M. Patriarca and F. Abergel},
	year 		=  {2011},
	title 		= {{Econophysics Review: I. Empirical facts}},
	journal 	= {Quantitative Finance},
	volume 	= {11},
	pages 	= {991--1012}
}
@article{hlehros,
	author 	= {W. Huang and C-A. Lehalle and M. Rosenbaum},
	year 		=  {2015},
	title 		= {{Simulating and Analyzing Order Book Data: The Queue-Reactive Model}},
	journal 	= {Journal of the American Statistical Association},
	volume 	= {110},
	pages 	= {107--122}
}
@article{aberjed,
	author 	= {F. Abergel and A. Jedidi},
	year 		=  {2013},
	title 		= {A mathematical approach to order book modeling},
	journal 	= {International Journal of Theoretical and Applied Finance},
	volume 	= {16},
	pages 	= {1--40}
}
@article{hawkes71,
	author 	= {A.G. Hawkes},
	year 		=  {1971},
	title 		= {Spectra of some self-exciting and mutually exciting point processes},
	journal 	= {Biometrika},
	volume 	= {58},
	pages 	= {83--90}
}
@article{hawkes18,
	author 	= {A.G. Hawkes},
	year 		=  {2018},
	title 		= {Hawkes processes and their applications to finance; a review},
	journal 	= {Quantitative Finance},
	volume 	= {18},
	pages 	= {193--198}
}
@misc{toke,
          author 	= {I.M. Toke},
          title 		= {{An Introduction to Hawkes Processes with Applications to Finance}},
          year 	=  {2011},
          note	= {Lecture Notes from Ecole Centrale Paris, BNP, Paribas}
}
@article{epps79,
	author 	= {T.W. Epps},
	year 		=  {1979},
	title 		= {Comovements in stock prices in the very short run},
	journal 	= {Journal of the American Statistical Association},
	volume 	= {74},
	pages 	= {291--298}
}
@article{hallhautsch06,
	author 	= {A.D. Hall and N. Hautsch},
	year 		=  {2006},
	title 		= {Order aggressiveness and order book dynamics},
	journal 	= {Empirical Economics},
	volume 	= {30},
	pages 	= {973--1005}
}
@article{kratzschon,
	author 	= {P. Kratz and T. Sch{\"o}neborn},
	year 		=  {2014},
	title 		= {Optimal Liquidity in Dark Pools},
	journal 	= {Quantitative Finance},
	volume 	= {14},
	pages 	= {1519--1539}
}
@article{bagehot,
	author 	= {W. Bagehot},
	year 		=  {1971},
	title 		= {{The only Game in Town}},
	journal 	= {Financial Analysis Journal},
	volume 	= {27},
	pages 	= {12--14}
}
@book{magmoazhe,
	author 	= {C. Maglaras and C.C. Moallemi and H. Zheng},
	year 		=  {2012},
	title 		= {{Optimal Order Routing in a Fragmented Market}},
	publisher  = {Preprint, Columbia University}
}
@article{battcorjen,
	author 	= {R. Battalio and S.A. Corwin and R. Jennings},
	year 		=  {2016},
	title 		= {{Can Brokers have it all? On the relation between Make-Take fees and limit order execution quality}},
	journal 	= {Journal of Finance},
	volume 	= {71},
	pages 	= {2193--2238}
}
@book{ljung15,
	author 	= {G.E.P. Box and G.M. Jenkins and G.C. Reinsel and G.M. Ljung},
	year 		=  {2015},
	title 		= {{Time Series Analysis: Forecasting and Control, 5th edition}},
	publisher  = {Wiley, New York}
}
@article{mccullochtsay07,
	author 	= {R. McCulloch and R. Tsay},
	year 		=  {2001},
	title 		= {{Nonlinearity in High-Frequency Financial Data and Hierarchical Models}},
	journal 	= {{Studies in Nonlinear Dynamics and Econometrics}},
	volume 	= {5},
	pages 	= {1067--1077}
}
@article{littmanmoor,
	author 	= {L.P. Kaelbling and M.L. Littman and A.W. Moore},
	year 		=  {1996},
	title 		= {Reinforcement Learning: A Survey},
	journal 	= {Journal of Artificial Intelligence},
	volume 	= {4},
	pages 	= {237--285}
}
@book{sultonbarto,
	author 	= {R.S. Sulton and A.G. Barks},
	year 		=  {2018},
	title 		= {Reinforcement Learning, An Introduction, Second Edition},
	publisher  = {MIT Press, Boston}
}
@article{amencgoltzlodhmart,
	author 	= {N. Amenc and F. Goltz and A. Lodh and L. Martellini},
	year 		=  {2012},
	title 		= {{Diversifying the Diversifiers and Tracking the Tracking Error: Outperforming Cap-Weighted Indices with Limited Risk of Underperformance}},
	journal 	= {{The Journal of Portfolio Management}},
	volume 	= {38},
	number 	= {3},
	pages 	= {72--88}
}
@article{avellee,
	author 	= {M. Avellaneda and J.H. Lee},
	year 		=  {2010},
	title 		= {{Statistical Arbitrage in the US Equities Market}},
	journal 	= {{Quantitative Finance}},
	volume 	= {10},
	pages 	= {761--782}
}
@article{faragohjalm,
	author 	= {A. Farago and E. Hjalmarsson},
	year 		=  {2018},
	title 		= {{Stock Price Co-Movement and the Foundations of Pairs Trading}},
	journal 	= {{To appear in Journal of Financial and Quantitative Analysis}}
}
@article{garlepede,
	author 	= {N. G\^{a}rleanu and L.H. Pedersen},
	year 		=  {2013},
	title 		= {{Dynamic Trading with Predictable Returns and Transaction Costs}},
	volume 	= {68},
	pages 	= {2309--2340},
	journal 	= {{The Journal of Finance}}
}
@article{mad_a02,
	author 	= {A. Madhavan},
	year 		=  {2002},
	title 		= {VWAP Strategies},
	journal 	= {Trading},
	volume 	= {1},
	pages 	= {32--39}

}
@book{busseli_boyd,
	author 	= {E. Busseti and S. Boyd},
	year 		=  {2015},
	title 		= {{Volume Weighted Average Price Optimal Execution}},
	publisher  = {unpublished, Stanford University}
}
@article{contdonksub13,
	author 	= {A. Constantinos and J.A. Donkas and A. Subrahmanyam},
	year 		=  {2013},
	title 		= {{Cognitive Dissonance, Sentiment and Momentum}},
	journal 	= {Journal of Financial and Quantitative Analysis},
	volume 	= {46},
	pages 	= {245--275}
}
@article{smithwangwangzy16,
	author 	= {D. Smith and N. Wang and Y. Wang and E.J. Zychowicz},
	year 		=  {2016},
	title 		= {{Sentiment and the effectiveness of Technical Analysis: Evidence from the Hedge Fund Industry}},
	journal 	= {Journal of Financial and Quantitative Analysis},
	volume 	= {51},
	pages 	= {1991--2013}
}
@article{zhou18measure,
	author 	= {G. Zhou},
	year 		=  {2018},
	title 		= {{Measuring Investor Sentiment}},
	journal 	= {{Annual Review of Financial Economics}},
	volume 	= {10},
	pages 	= {239--259}
}	
@article{jianleemartin,
	author 	= {F. Jiang and J. Lee and X. Martin and G. Zhou},
	year 		=  {2019},
	title 		= {{Manager Sentiment and stock returns}},
	journal 	= {{Journal of Financial Economics}},
	pages	= {126--149},
	volume	=  {132}
}
@book{harris03trade,
	author 	= {L. Harris},
	year 		=  {2003},
	title 		= {Trading and Exchanges: Market Microstructure for Practitioners},
	publisher  = {Oxford University Press, New York}
}	
@article{stoikov18,
	author 	= {S. Stoikov},
	year 		=  {2018},
	title 		= {The micro-price: a high-frequency estimator of future prices},
	journal 	= {Quantitative Finance},
	volume 	= {18},
	pages 	= {1959--1966}
}
@article{archcebha17,
	author 	= {T. Andersen and I. Archakov and G. Cebiroglu and N. Hautsch},
	year 		=  {2017},
	title 		= {{Volatility Information Feedback and Market Microstructure Noise: A Tale of Two Regimes}},
	journal 	= {CFS Working Paper, Northwestern University}
}
@article{baymasmenrad15,
	author 	= {M. Bayraktar and I. Mashtaser and N. Meng and S. Radchenko},
	year 		=  {2015},
	title 		= {Barra vs Total Market Equity Trading Model, Empirical Notes},
	journal 	= {MSCI Research}
}
@article{eckyoung,
	author 	= {C. Eckart and G. Young},
	year 		=  {1936},
	title 		= {The approximation of one matrix by another of lower rank},
	journal 	= {Psychometrika},
	volume 	= {1},
	pages 	= {211--218}
}
@article{hotelling35,
	author 	= {H. Hotelling},
	year 		=  {1935},
	title 		= {The most predictable criterion},
	journal 	= {Journal of Educational Psychology},
	volume 	= {26},
	pages 	= {139--142}
}
@article{hotelling36,
	author 	= {H. Hotelling},
	year 		=  {1936},
	title 		= {Relations between two sets of variables},
	journal 	= {Biometrika},
	volume 	= {28},
	pages 	= {321--322}
}
@article{hotelling33,
	author 	= {H. Hotelling},
	year 		=  {1933},
	title 		= {Analysis of a complex of statistical variables into principal components},
	journal 	= {Journal of Educational Psychology},
	volume 	= {4},
	pages 	= {417--441, 498--520}
}
@article{schnlillo19,
	author	= {M. Schneider and F. Lillo},
	year 		= {2019},
	title		= {{Cross-impact and no-dynamics arbitrage}},
	journal 	= {Quantitative Finance},
	volume	= {19},
	pages	= {137--154}
}
@article{giesecke,
	author	= {G. Tsoukalas and J. Wang and K. Giesecke},
	year		= {2019},
	journal	= {Management Science},
	title		= {{Dynamics Portfolio Execution}}
}
@article{weinbaum2010,
	author	= {Cremers, M. and Weinbaum, D.},
	title		= {{Deviations from Put-Call Parity and Stock Return Predictability}},
	year		= {2010},
	journal	= {{Journal of Financial and Quantitative Analysis}},
	volume	= {45},
	pages	= {335--367}
}
@article{madhavan2000,
	author	= {Madhavan, A.},
	year		= {2000},
	title		= {Market Microstructure},
	journal	= {Journal of Financial Markets},
	volume	= {3},
	pages	= {205--258}
}
@article{bgs05,
	author 	= {Biais, B. and Glosten, L. and Spatt, C.},
	year		= {2005},
	title		= {Market Microstructure; A survey of microfoundations, empirical results, and policy implications},
	journal	= {Journal of Financial Markets},
	volume	= {8},
	pages	= {217--264}
}
@article{ohara15hfmm,
	author	= {O'Hara, M.},
	year		= {2015},
	title		= {High frequency market microstructure},
	journal	= {Journal of Financial Economics},
	volume	= {116},
	pages	= {257--270}
}
@article{hjal,
	author	= {Farago, A. and Hjalmarsson, E.},
	title		= {{Stock Price Co-Movement and the Foundations of Pairs Trading}},
	year		= {2019},
	volume	= {54},
	pages	= {629--665},
	journal	= {{Journal of Financial and Quantitative Analysis}}
}

































